@ARTICLE{sdss7,
   author = {{Abazajian}, K.~N. and {Adelman-McCarthy}, J.~K. and {Ag{\"u}eros}, M.~A. and 
    {Allam}, S.~S. and {Allende Prieto}, C. and {An}, D. and {Anderson}, K.~S.~J. and 
    {Anderson}, S.~F. and {Annis}, J. and {Bahcall}, N.~A. and et al.},
    title = "{The Seventh Data Release of the Sloan Digital Sky Survey}",
  journal = {\apjs},
archivePrefix = "arXiv",
   eprint = {0812.0649},
 keywords = {atlases, catalogs, surveys},
     year = 2009,
    month = jun,
   volume = 182,
      eid = {543-558},
    pages = {543-558},
      doi = {10.1088/0067-0049/182/2/543},
   adsurl = {http://adsabs.harvard.edu/abs/2009ApJS..182..543A},
  adsnote = {Provided by the SAO/NASA Astrophysics Data System}
}

@ARTICLE{benitez00,
   author = {{Ben{\'{\i}}tez}, N.},
    title = "{Bayesian Photometric Redshift Estimation}",
  journal = {\apj},
   eprint = {astro-ph/9811189},
 keywords = {Galaxies: Distances and Redshifts, Galaxies: Photometry, Methods: 
Statistical},
     year = 2000,
    month = jun,
   volume = 536,
    pages = {571-583},
      doi = {10.1086/308947},
   adsurl = {http://adsabs.harvard.edu/abs/2000ApJ...536..571B},
  adsnote = {Provided by the SAO/NASA Astrophysics Data System}
}

@ARTICLE{benson13,
   author = {{Benson}, B.~A. and {de Haan}, T. and {Dudley}, J.~P. and {Reichardt}, C.~L. and 
    {Aird}, K.~A. and {Andersson}, K. and {Armstrong}, R. and {Ashby}, M.~L.~N. and 
    {Bautz}, M. and {Bayliss}, M. and {Bazin}, G. and {Bleem}, L.~E. and 
    {Brodwin}, M. and {Carlstrom}, J.~E. and {Chang}, C.~L. and 
    {Cho}, H.~M. and {Clocchiatti}, A. and {Crawford}, T.~M. and 
    {Crites}, A.~T. and {Desai}, S. and {Dobbs}, M.~A. and {Foley}, R.~J. and 
    {Forman}, W.~R. and {George}, E.~M. and {Gladders}, M.~D. and 
    {Gonzalez}, A.~H. and {Halverson}, N.~W. and {Harrington}, N. and 
    {High}, F.~W. and {Holder}, G.~P. and {Holzapfel}, W.~L. and 
    {Hoover}, S. and {Hrubes}, J.~D. and {Jones}, C. and {Joy}, M. and 
    {Keisler}, R. and {Knox}, L. and {Lee}, A.~T. and {Leitch}, E.~M. and 
    {Liu}, J. and {Lueker}, M. and {Luong-Van}, D. and {Mantz}, A. and 
    {Marrone}, D.~P. and {McDonald}, M. and {McMahon}, J.~J. and 
    {Mehl}, J. and {Meyer}, S.~S. and {Mocanu}, L. and {Mohr}, J.~J. and 
    {Montroy}, T.~E. and {Murray}, S.~S. and {Natoli}, T. and {Padin}, S. and 
    {Plagge}, T. and {Pryke}, C. and {Rest}, A. and {Ruel}, J. and 
    {Ruhl}, J.~E. and {Saliwanchik}, B.~R. and {Saro}, A. and {Sayre}, J.~T. and 
    {Schaffer}, K.~K. and {Shaw}, L. and {Shirokoff}, E. and {Song}, J. and 
    {Spieler}, H.~G. and {Stalder}, B. and {Staniszewski}, Z. and 
    {Stark}, A.~A. and {Story}, K. and {Stubbs}, C.~W. and {Suhada}, R. and 
    {van Engelen}, A. and {Vanderlinde}, K. and {Vieira}, J.~D. and 
    {Vikhlinin}, A. and {Williamson}, R. and {Zahn}, O. and {Zenteno}, A.
    },
    title = "{Cosmological Constraints from Sunyaev-Zel'dovich-selected Clusters with X-Ray Observations in the First 178 deg$^{2}$ of the South Pole Telescope Survey}",
  journal = {\apj},
archivePrefix = "arXiv",
   eprint = {1112.5435},
 primaryClass = "astro-ph.CO",
 keywords = {cosmic background radiation, cosmology: observations, galaxies: clusters: general, large-scale structure of universe},
     year = 2013,
    month = feb,
   volume = 763,
      eid = {147},
    pages = {147},
      doi = {10.1088/0004-637X/763/2/147},
   adsurl = {http://adsabs.harvard.edu/abs/2013ApJ...763..147B},
  adsnote = {Provided by the SAO/NASA Astrophysics Data System}
}

@INPROCEEDINGS{bertin12,
   author = {{Bertin}, E.},
    title = "{Displaying Digital Deep Sky Images}",
booktitle = {Astronomical Data Analysis Software and Systems XXI},
     year = 2012,
   series = {Astronomical Society of the Pacific Conference Series},
   volume = 461,
   editor = {{Ballester}, P. and {Egret}, D. and {Lorente}, N.~P.~F.},
    month = sep,
    pages = {263},
   adsurl = {http://adsabs.harvard.edu/abs/2012ASPC..461..263B},
  adsnote = {Provided by the SAO/NASA Astrophysics Data System}
}

@ARTICLE{bertin96,
   author = {{Bertin}, E. and {Arnouts}, S.},
    title = "{SExtractor: Software for source extraction.}",
  journal = {\aaps},
 keywords = {METHODS: DATA ANALYSIS, TECHNIQUES: IMAGE PROCESSING, GALAXIES: PHOTOMETRY},
     year = 1996,
    month = jun,
   volume = 117,
    pages = {393-404},
      doi = {10.1051/aas:1996164},
   adsurl = {http://adsabs.harvard.edu/abs/1996A%26AS..117..393B},
  adsnote = {Provided by the SAO/NASA Astrophysics Data System}
}

@INPROCEEDINGS{bertin02,
   author = {{Bertin}, E. and {Mellier}, Y. and {Radovich}, M. and {Missonnier}, G. and 
    {Didelon}, P. and {Morin}, B.},
    title = "{The TERAPIX Pipeline}",
 keywords = {astronomy: optical, astronomy: software, pipelines: data reduction, software: package, software: development, software: data analysis, data analysis, databases, distributed processing},
booktitle = {Astronomical Data Analysis Software and Systems XI},
     year = 2002,
   series = {Astronomical Society of the Pacific Conference Series},
   volume = 281,
   editor = {{Bohlender}, D.~A. and {Durand}, D. and {Handley}, T.~H.},
    pages = {228},
   adsurl = {http://adsabs.harvard.edu/abs/2002ASPC..281..228B},
  adsnote = {Provided by the SAO/NASA Astrophysics Data System}
}

@ARTICLE{blanton03,
   author = {{Blanton}, M.~R. and {Hogg}, D.~W. and {Bahcall}, N.~A. and 
    {Brinkmann}, J. and {Britton}, M. and {Connolly}, A.~J. and 
    {Csabai}, I. and {Fukugita}, M. and {Loveday}, J. and {Meiksin}, A. and 
    {Munn}, J.~A. and {Nichol}, R.~C. and {Okamura}, S. and {Quinn}, T. and 
    {Schneider}, D.~P. and {Shimasaku}, K. and {Strauss}, M.~A. and 
    {Tegmark}, M. and {Vogeley}, M.~S. and {Weinberg}, D.~H.},
    title = "{The Galaxy Luminosity Function and Luminosity Density at Redshift z = 0.1}",
  journal = {\apj},
   eprint = {astro-ph/0210215},
 keywords = {Galaxies: Luminosity Function, Mass Function, Galaxies: Statistics},
     year = 2003,
    month = aug,
   volume = 592,
    pages = {819-838},
      doi = {10.1086/375776},
   adsurl = {http://adsabs.harvard.edu/abs/2003ApJ...592..819B},
  adsnote = {Provided by the SAO/NASA Astrophysics Data System}
}

@ARTICLE{condon98,
   author = {{Condon}, J.~J. and {Cotton}, W.~D. and {Greisen}, E.~W. and 
    {Yin}, Q.~F. and {Perley}, R.~A. and {Taylor}, G.~B. and {Broderick}, J.~J.
    },
    title = "{The NRAO VLA Sky Survey}",
  journal = {\aj},
 keywords = {CATALOGS, METHODS: DATA ANALYSIS, METHODS: OBSERVATIONAL, RADIO CONTINUUM, SURVEYS},
     year = 1998,
    month = may,
   volume = 115,
    pages = {1693-1716},
      doi = {10.1086/300337},
   adsurl = {http://adsabs.harvard.edu/abs/1998AJ....115.1693C},
  adsnote = {Provided by the SAO/NASA Astrophysics Data System}
}

@ARTICLE{feretti12,
   author = {{Feretti}, L. and {Giovannini}, G. and {Govoni}, F. and {Murgia}, M.
    },
    title = "{Clusters of galaxies: observational properties of the diffuse radio emission}",
  journal = {\aapr},
archivePrefix = "arXiv",
   eprint = {1205.1919},
 keywords = {Galaxy groups, clusters, and superclusters, Large scale structure of the Universe, Galaxy clusters, Radio sources, Intracluster matter, Cooling flows, Halos, Relics, Mini-halos, Large-scale magnetic fields},
     year = 2012,
    month = may,
   volume = 20,
      eid = {54},
    pages = {54},
      doi = {10.1007/s00159-012-0054-z},
   adsurl = {http://adsabs.harvard.edu/abs/2012A%26ARv..20...54F},
  adsnote = {Provided by the SAO/NASA Astrophysics Data System}
}

@ARTICLE{hao10,
   author = {{Hao}, J. and {McKay}, T.~A. and {Koester}, B.~P. and {Rykoff}, E.~S. and 
    {Rozo}, E. and {Annis}, J. and {Wechsler}, R.~H. and {Evrard}, A. and 
    {Siegel}, S.~R. and {Becker}, M. and {Busha}, M. and {Gerdes}, D. and 
    {Johnston}, D.~E. and {Sheldon}, E.},
    title = "{A GMBCG Galaxy Cluster Catalog of 55,424 Rich Clusters from SDSS DR7}",
  journal = {\apjs},
archivePrefix = "arXiv",
   eprint = {1010.5503},
 primaryClass = "astro-ph.CO",
 keywords = {catalogs, galaxies: clusters: general, methods: statistical},
     year = 2010,
    month = dec,
   volume = 191,
    pages = {254-274},
      doi = {10.1088/0067-0049/191/2/254},
   adsurl = {http://adsabs.harvard.edu/abs/2010ApJS..191..254H},
  adsnote = {Provided by the SAO/NASA Astrophysics Data System}
}

@ARTICLE{hasselfield13,
   author = {{Hasselfield}, M. and {Hilton}, M. and {Marriage}, T.~A. and 
    {Addison}, G.~E. and {Barrientos}, L.~F. and {Battaglia}, N. and 
    {Battistelli}, E.~S. and {Bond}, J.~R. and {Crichton}, D. and 
    {Das}, S. and {Devlin}, M.~J. and {Dicker}, S.~R. and {Dunkley}, J. and 
    {D{\"u}nner}, R. and {Fowler}, J.~W. and {Gralla}, M.~B. and 
    {Hajian}, A. and {Halpern}, M. and {Hincks}, A.~D. and {Hlozek}, R. and 
    {Hughes}, J.~P. and {Infante}, L. and {Irwin}, K.~D. and {Kosowsky}, A. and 
    {Marsden}, D. and {Menanteau}, F. and {Moodley}, K. and {Niemack}, M.~D. and 
    {Nolta}, M.~R. and {Page}, L.~A. and {Partridge}, B. and {Reese}, E.~D. and 
    {Schmitt}, B.~L. and {Sehgal}, N. and {Sherwin}, B.~D. and {Sievers}, J. and 
    {Sif{\'o}n}, C. and {Spergel}, D.~N. and {Staggs}, S.~T. and 
    {Swetz}, D.~S. and {Switzer}, E.~R. and {Thornton}, R. and {Trac}, H. and 
    {Wollack}, E.~J.},
    title = "{The Atacama Cosmology Telescope: Sunyaev-Zel'dovich selected galaxy clusters 
at 148 GHz from three seasons of data}",
  journal = {\jcap},
archivePrefix = "arXiv",
   eprint = {1301.0816},
 primaryClass = "astro-ph.CO",
     year = 2013,
    month = jul,
   volume = 7,
      eid = {008},
    pages = {008},
      doi = {10.1088/1475-7516/2013/07/008},
   adsurl = {http://adsabs.harvard.edu/abs/2013JCAP...07..008H},
  adsnote = {Provided by the SAO/NASA Astrophysics Data System}
}

@ARTICLE{jullo07,
   author = {{Jullo}, E. and {Kneib}, J.-P. and {Limousin}, M. and {El{\'{\i}}asd{\'o}ttir}, 
{\'A}. and 
    {Marshall}, P.~J. and {Verdugo}, T.},
    title = "{A Bayesian approach to strong lensing modelling of galaxy clusters}",
  journal = {New Journal of Physics},
archivePrefix = "arXiv",
   eprint = {0706.0048},
     year = 2007,
    month = dec,
   volume = 9,
    pages = {447},
      doi = {10.1088/1367-2630/9/12/447},
   adsurl = {http://adsabs.harvard.edu/abs/2007NJPh....9..447J},
  adsnote = {Provided by the SAO/NASA Astrophysics Data System}
}

@ARTICLE{kassiola93,
   author = {{Kassiola}, A. and {Kovner}, I.},
    title = "{Elliptic Mass Distributions versus Elliptic Potentials in Gravitational 
Lenses}",
  journal = {\apj},
 keywords = {COSMOLOGY: GRAVITATIONAL LENSING, GALAXIES: CLUSTERING, GALAXIES: QUASARS: 
GENERAL, GALAXIES: STRUCTURE, METHODS: ANALYTICAL},
     year = 1993,
    month = nov,
   volume = 417,
    pages = {450},
      doi = {10.1086/173325},
   adsurl = {http://adsabs.harvard.edu/abs/1993ApJ...417..450K},
  adsnote = {Provided by the SAO/NASA Astrophysics Data System}
}

@PHDTHESIS{kneib93,
   author = {{Kneib}, J.-P.},
   school = {Ph.~D.~thesis, Universit{\'e} Paul Sabatier, Toulouse, (1993)},
     year = 1993,
   adsurl = {http://adsabs.harvard.edu/abs/1993PhDT.......189K},
  adsnote = {Provided by the SAO/NASA Astrophysics Data System}
}

@ARTICLE{kneib96,
   author = {{Kneib}, J.-P. and {Ellis}, R.~S. and {Smail}, I. and {Couch}, W.~J. and 
    {Sharples}, R.~M.},
    title = "{Hubble Space Telescope Observations of the Lensing Cluster Abell 2218}",
  journal = {\apj},
   eprint = {astro-ph/9511015},
 keywords = {COSMOLOGY: OBSERVATIONS, GALAXIES: CLUSTERS: INDIVIDUAL ALPHANUMERIC: A2218, 
COSMOLOGY: GRAVITATIONAL LENSING},
     year = 1996,
    month = nov,
   volume = 471,
    pages = {643},
      doi = {10.1086/177995},
   adsurl = {http://adsabs.harvard.edu/abs/1996ApJ...471..643K},
  adsnote = {Provided by the SAO/NASA Astrophysics Data System}
}

@ARTICLE{kneib11,
   author = {{Kneib}, J.-P. and {Natarajan}, P.},
    title = "{Cluster lenses}",
  journal = {\aapr},
archivePrefix = "arXiv",
   eprint = {1202.0185},
 primaryClass = "astro-ph.CO",
 keywords = {Cosmology: observations, Galaxies: evolution, Galaxies: formation, 
Gravitational lensing},
     year = 2011,
    month = nov,
   volume = 19,
      eid = {47},
    pages = {47},
      doi = {10.1007/s00159-011-0047-3},
   adsurl = {http://adsabs.harvard.edu/abs/2011A%26ARv..19...47K},
  adsnote = {Provided by the SAO/NASA Astrophysics Data System}
}

@ARTICLE{limousin13,
   author = {{Limousin}, M. and {Morandi}, A. and {Sereno}, M. and {Meneghetti}, M. and 
    {Ettori}, S. and {Bartelmann}, M. and {Verdugo}, T.},
    title = "{The Three-Dimensional Shapes of Galaxy Clusters}",
  journal = {\ssr},
archivePrefix = "arXiv",
   eprint = {1210.3067},
 keywords = {Cosmology, Galaxy clusters, Triaxiality, Gravitational lensing, X-Rays, Sunyaev 
Zel'dovich},
     year = 2013,
    month = aug,
   volume = 177,
    pages = {155-194},
      doi = {10.1007/s11214-013-9980-y},
   adsurl = {http://adsabs.harvard.edu/abs/2013SSRv..177..155L},
  adsnote = {Provided by the SAO/NASA Astrophysics Data System}
}

@ARTICLE{mahdavi13,
   author = {{Mahdavi}, A. and {Hoekstra}, H. and {Babul}, A. and {Bildfell}, C. and 
    {Jeltema}, T. and {Henry}, J.~P.},
    title = "{Joint Analysis of Cluster Observations. II. Chandra/XMM-Newton X-Ray and Weak 
Lensing Scaling Relations for a Sample of 50 Rich Clusters of Galaxies}",
  journal = {\apj},
archivePrefix = "arXiv",
   eprint = {1210.3689},
 keywords = {galaxies: clusters: general, galaxies: clusters: intracluster medium, 
gravitational lensing: weak, X-rays: galaxies: clusters},
     year = 2013,
    month = apr,
   volume = 767,
      eid = {116},
    pages = {116},
      doi = {10.1088/0004-637X/767/2/116},
   adsurl = {http://adsabs.harvard.edu/abs/2013ApJ...767..116M},
  adsnote = {Provided by the SAO/NASA Astrophysics Data System}
}

@ARTICLE{marriage11_sz,
   author = {{Marriage}, T.~A. and {Acquaviva}, V. and {Ade}, P.~A.~R. and 
    {Aguirre}, P. and {Amiri}, M. and {Appel}, J.~W. and {Barrientos}, L.~F. and 
    {Battistelli}, E.~S. and {Bond}, J.~R. and {Brown}, B. and {Burger}, B. and 
    {Chervenak}, J. and {Das}, S. and {Devlin}, M.~J. and {Dicker}, S.~R. and 
    {Bertrand Doriese}, W. and {Dunkley}, J. and {D{\"u}nner}, R. and 
    {Essinger-Hileman}, T. and {Fisher}, R.~P. and {Fowler}, J.~W. and 
    {Hajian}, A. and {Halpern}, M. and {Hasselfield}, M. and {Hern{\'a}ndez-Monteagudo}, C. 
and 
    {Hilton}, G.~C. and {Hilton}, M. and {Hincks}, A.~D. and {Hlozek}, R. and 
    {Huffenberger}, K.~M. and {Handel Hughes}, D. and {Hughes}, J.~P. and 
    {Infante}, L. and {Irwin}, K.~D. and {Baptiste Juin}, J. and 
    {Kaul}, M. and {Klein}, J. and {Kosowsky}, A. and {Lau}, J.~M. and 
    {Limon}, M. and {Lin}, Y.-T. and {Lupton}, R.~H. and {Marsden}, D. and 
    {Martocci}, K. and {Mauskopf}, P. and {Menanteau}, F. and {Moodley}, K. and 
    {Moseley}, H. and {Netterfield}, C.~B. and {Niemack}, M.~D. and 
    {Nolta}, M.~R. and {Page}, L.~A. and {Parker}, L. and {Partridge}, B. and 
    {Quintana}, H. and {Reese}, E.~D. and {Reid}, B. and {Sehgal}, N. and 
    {Sherwin}, B.~D. and {Sievers}, J. and {Spergel}, D.~N. and 
    {Staggs}, S.~T. and {Swetz}, D.~S. and {Switzer}, E.~R. and 
    {Thornton}, R. and {Trac}, H. and {Tucker}, C. and {Warne}, R. and 
    {Wilson}, G. and {Wollack}, E. and {Zhao}, Y.},
    title = "{The Atacama Cosmology Telescope: Sunyaev-Zel'dovich-Selected Galaxy Clusters 
at 148 GHz in the 2008 Survey}",
  journal = {\apj},
archivePrefix = "arXiv",
   eprint = {1010.1065},
 keywords = {cosmic background radiation, cosmology: observations, galaxies: clusters: 
general, radio continuum: general, surveys},
     year = 2011,
    month = aug,
   volume = 737,
      eid = {61},
    pages = {61},
      doi = {10.1088/0004-637X/737/2/61},
   adsurl = {http://adsabs.harvard.edu/abs/2011ApJ...737...61M},
  adsnote = {Provided by the SAO/NASA Astrophysics Data System}
}

@ARTICLE{mauch03,
   author = {{Mauch}, T. and {Murphy}, T. and {Buttery}, H.~J. and {Curran}, J. and 
    {Hunstead}, R.~W. and {Piestrzynski}, B. and {Robertson}, J.~G. and 
    {Sadler}, E.~M.},
    title = "{SUMSS: a wide-field radio imaging survey of the southern sky - II. The source 
catalogue}",
  journal = {\mnras},
   eprint = {astro-ph/0303188},
 keywords = {methods: data analysis, catalogues, surveys, astrometry, galaxies: statistics, 
radio continuum: general},
     year = 2003,
    month = jul,
   volume = 342,
    pages = {1117-1130},
      doi = {10.1046/j.1365-8711.2003.06605.x},
   adsurl = {http://adsabs.harvard.edu/abs/2003MNRAS.342.1117M},
  adsnote = {Provided by the SAO/NASA Astrophysics Data System}
}

@ARTICLE{mcdonald12,
   author = {{McDonald}, M. and {Bayliss}, M. and {Benson}, B.~A. and {Foley}, R.~J. and 
    {Ruel}, J. and {Sullivan}, P. and {Veilleux}, S. and {Aird}, K.~A. and 
    {Ashby}, M.~L.~N. and {Bautz}, M. and {Bazin}, G. and {Bleem}, L.~E. and 
    {Brodwin}, M. and {Carlstrom}, J.~E. and {Chang}, C.~L. and 
    {Cho}, H.~M. and {Clocchiatti}, A. and {Crawford}, T.~M. and 
    {Crites}, A.~T. and {de Haan}, T. and {Desai}, S. and {Dobbs}, M.~A. and 
    {Dudley}, J.~P. and {Egami}, E. and {Forman}, W.~R. and {Garmire}, G.~P. and 
    {George}, E.~M. and {Gladders}, M.~D. and {Gonzalez}, A.~H. and 
    {Halverson}, N.~W. and {Harrington}, N.~L. and {High}, F.~W. and 
    {Holder}, G.~P. and {Holzapfel}, W.~L. and {Hoover}, S. and 
    {Hrubes}, J.~D. and {Jones}, C. and {Joy}, M. and {Keisler}, R. and 
    {Knox}, L. and {Lee}, A.~T. and {Leitch}, E.~M. and {Liu}, J. and 
    {Lueker}, M. and {Luong-van}, D. and {Mantz}, A. and {Marrone}, D.~P. and 
    {McMahon}, J.~J. and {Mehl}, J. and {Meyer}, S.~S. and {Miller}, E.~D. and 
    {Mocanu}, L. and {Mohr}, J.~J. and {Montroy}, T.~E. and {Murray}, S.~S. and 
    {Natoli}, T. and {Padin}, S. and {Plagge}, T. and {Pryke}, C. and 
    {Rawle}, T.~D. and {Reichardt}, C.~L. and {Rest}, A. and {Rex}, M. and 
    {Ruhl}, J.~E. and {Saliwanchik}, B.~R. and {Saro}, A. and {Sayre}, J.~T. and 
    {Schaffer}, K.~K. and {Shaw}, L. and {Shirokoff}, E. and {Simcoe}, R. and 
    {Song}, J. and {Spieler}, H.~G. and {Stalder}, B. and {Staniszewski}, Z. and 
    {Stark}, A.~A. and {Story}, K. and {Stubbs}, C.~W. and {{\v S}uhada}, R. and 
    {van Engelen}, A. and {Vanderlinde}, K. and {Vieira}, J.~D. and 
    {Vikhlinin}, A. and {Williamson}, R. and {Zahn}, O. and {Zenteno}, A.
    },
    title = "{A massive, cooling-flow-induced starburst in the core of a luminous cluster of 
galaxies}",
  journal = {\nat},
archivePrefix = "arXiv",
   eprint = {1208.2962},
     year = 2012,
    month = aug,
   volume = 488,
    pages = {349-352},
      doi = {10.1038/nature11379},
   adsurl = {http://adsabs.harvard.edu/abs/2012Natur.488..349M},
  adsnote = {Provided by the SAO/NASA Astrophysics Data System}
}

@ARTICLE{menanteau10_act,
   author = {{Menanteau}, F. and {Gonz{\'a}lez}, J. and {Juin}, J.-B. and 
    {Marriage}, T.~A. and {Reese}, E.~D. and {Acquaviva}, V. and 
    {Aguirre}, P. and {Appel}, J.~W. and {Baker}, A.~J. and {Barrientos}, L.~F. and 
    {Battistelli}, E.~S. and {Bond}, J.~R. and {Das}, S. and {Deshpande}, A.~J. and 
    {Devlin}, M.~J. and {Dicker}, S. and {Dunkley}, J. and {D{\"u}nner}, R. and 
    {Essinger-Hileman}, T. and {Fowler}, J.~W. and {Hajian}, A. and 
    {Halpern}, M. and {Hasselfield}, M. and {Hern{\'a}ndez-Monteagudo}, C. and 
    {Hilton}, M. and {Hincks}, A.~D. and {Hlozek}, R. and {Huffenberger}, K.~M. and 
    {Hughes}, J.~P. and {Infante}, L. and {Irwin}, K.~D. and {Klein}, J. and 
    {Kosowsky}, A. and {Lin}, Y.-T. and {Marsden}, D. and {Moodley}, K. and 
    {Niemack}, M.~D. and {Nolta}, M.~R. and {Page}, L.~A. and {Parker}, L. and 
    {Partridge}, B. and {Sehgal}, N. and {Sievers}, J. and {Spergel}, D.~N. and 
    {Staggs}, S.~T. and {Swetz}, D. and {Switzer}, E. and {Thornton}, R. and 
    {Trac}, H. and {Warne}, R. and {Wollack}, E.},
    title = "{The Atacama Cosmology Telescope: Physical Properties and Purity of a Galaxy 
Cluster Sample Selected via the Sunyaev-Zel'dovich Effect}",
  journal = {\apj},
archivePrefix = "arXiv",
   eprint = {1006.5126},
 primaryClass = "astro-ph.CO",
 keywords = {cosmic background radiation, cosmology: observations, galaxies: clusters: 
general, galaxies: distances and redshifts, large-scale structure of universe},
     year = 2010,
    month = nov,
   volume = 723,
    pages = {1523-1541},
      doi = {10.1088/0004-637X/723/2/1523},
   adsurl = {http://adsabs.harvard.edu/abs/2010ApJ...723.1523M},
  adsnote = {Provided by the SAO/NASA Astrophysics Data System}
}

@ARTICLE{menanteau10_scs,
   author = {{Menanteau}, F. and {Hughes}, J.~P. and {Barrientos}, L.~F. and 
    {Deshpande}, A.~J. and {Hilton}, M. and {Infante}, L. and {Jimenez}, R. and 
    {Kosowsky}, A. and {Moodley}, K. and {Spergel}, D. and {Verde}, L.
    },
    title = "{Southern Cosmology Survey. II. Massive Optically Selected Clusters from 70 
Square Degrees of the Sunyaev-Zel'dovich Effect Common Survey Area}",
  journal = {\apjs},
archivePrefix = "arXiv",
   eprint = {1002.2226},
 keywords = {cosmic background radiation, cosmology: observations, galaxies: clusters: 
general, galaxies: distances and redshifts, large-scale structure of universe},
     year = 2010,
    month = dec,
   volume = 191,
    pages = {340-351},
      doi = {10.1088/0067-0049/191/2/340},
   adsurl = {http://adsabs.harvard.edu/abs/2010ApJS..191..340M},
  adsnote = {Provided by the SAO/NASA Astrophysics Data System}
}

@ARTICLE{menanteau12,
   author = {{Menanteau}, F. and {Hughes}, J.~P. and {Sif{\'o}n}, C. and 
    {Hilton}, M. and {Gonz{\'a}lez}, J. and {Infante}, L. and {Barrientos}, L.~F. and 
    {Baker}, A.~J. and {Bond}, J.~R. and {Das}, S. and {Devlin}, M.~J. and 
    {Dunkley}, J. and {Hajian}, A. and {Hincks}, A.~D. and {Kosowsky}, A. and 
    {Marsden}, D. and {Marriage}, T.~A. and {Moodley}, K. and {Niemack}, M.~D. and 
    {Nolta}, M.~R. and {Page}, L.~A. and {Reese}, E.~D. and {Sehgal}, N. and 
    {Sievers}, J. and {Spergel}, D.~N. and {Staggs}, S.~T. and {Wollack}, E.
    },
    title = "{The Atacama Cosmology Telescope: ACT-CL J0102-4915 ''El Gordo,'' a Massive 
Merging Cluster at Redshift 0.87}",
  journal = {\apj},
archivePrefix = "arXiv",
   eprint = {1109.0953},
 keywords = {cosmic background radiation, cosmology: observations, galaxies: clusters: 
general, galaxies: clusters: individual: ACT-CL J0102{\ndash}4915},
     year = 2012,
    month = mar,
   volume = 748,
      eid = {7},
    pages = {7},
      doi = {10.1088/0004-637X/748/1/7},
   adsurl = {http://adsabs.harvard.edu/abs/2012ApJ...748....7M},
  adsnote = {Provided by the SAO/NASA Astrophysics Data System}
}

@ARTICLE{meneghetti11,
   author = {{Meneghetti}, M. and {Fedeli}, C. and {Zitrin}, A. and {Bartelmann}, M. and 
    {Broadhurst}, T. and {Gottl{\"o}ber}, S. and {Moscardini}, L. and 
    {Yepes}, G.},
    title = "{Comparison of an X-ray-selected sample of massive lensing clusters with the 
MareNostrum Universe {$\Lambda$}CDM simulation}",
  journal = {\aap},
archivePrefix = "arXiv",
   eprint = {1103.0044},
 keywords = {gravitational lensing: strong, hydrodynamics, galaxies: clusters: general, dark 
matter},
     year = 2011,
    month = jun,
   volume = 530,
      eid = {A17},
    pages = {A17},
      doi = {10.1051/0004-6361/201016040},
   adsurl = {http://adsabs.harvard.edu/abs/2011A%26A...530A..17M},
  adsnote = {Provided by the SAO/NASA Astrophysics Data System}
}

@ARTICLE{morandi10,
   author = {{Morandi}, A. and {Pedersen}, K. and {Limousin}, M.},
    title = "{Unveiling the Three-dimensional Structure of Galaxy Clusters: Resolving the 
Discrepancy Between X-ray and Lensing Masses}",
  journal = {\apj},
archivePrefix = "arXiv",
   eprint = {0912.2648},
 keywords = {cosmology: observations, galaxies: clusters: general, galaxies: clusters: 
individual: MACS J1423.8+2404, gravitational lensing: strong, gravitational lensing: weak, 
X-rays: galaxies: clusters},
     year = 2010,
    month = apr,
   volume = 713,
    pages = {491-502},
      doi = {10.1088/0004-637X/713/1/491},
   adsurl = {http://adsabs.harvard.edu/abs/2010ApJ...713..491M},
  adsnote = {Provided by the SAO/NASA Astrophysics Data System}
}

@ARTICLE{nfw95,
   author = {{Navarro}, J.~F. and {Frenk}, C.~S. and {White}, S.~D.~M.},
    title = "{Simulations of X-ray clusters}",
  journal = {\mnras},
   eprint = {astro-ph/9408069},
 keywords = {GALAXIES: CLUSTERS: GENERAL, COSMOLOGY: THEORY, DARK MATTER, X-RAYS: GENERAL},
     year = 1995,
    month = aug,
   volume = 275,
    pages = {720-740},
      doi = {10.1093/mnras/275.3.720},
   adsurl = {http://adsabs.harvard.edu/abs/1995MNRAS.275..720N},
  adsnote = {Provided by the SAO/NASA Astrophysics Data System}
}

@ARTICLE{ochsenbein00,
   author = {{Ochsenbein}, F. and {Bauer}, P. and {Marcout}, J.},
    title = "{The VizieR database of astronomical catalogues}",
  journal = {\aaps},
   eprint = {astro-ph/0002122},
 keywords = {ASTRONOMICAL DATA BASES: MISCELLANEOUS, CATALOGS},
     year = 2000,
    month = apr,
   volume = 143,
    pages = {23-32},
      doi = {10.1051/aas:2000169},
   adsurl = {http://adsabs.harvard.edu/abs/2000A%26AS..143...23O},
  adsnote = {Provided by the SAO/NASA Astrophysics Data System}
}

@ARTICLE{planck11viii,
   author = {{Planck Collaboration}},
    title = "{Planck early results. VIII. The all-sky early Sunyaev-Zeldovich cluster 
sample}",
  journal = {\aap},
archivePrefix = "arXiv",
   eprint = {1101.2024},
 keywords = {cosmology: observations, galaxies: clusters: general, catalogs},
     year = 2011,
    month = dec,
   volume = 536,
      eid = {A8},
    pages = {A8},
      doi = {10.1051/0004-6361/201116459},
   adsurl = {http://adsabs.harvard.edu/abs/2011A%26A...536A...8P},
  adsnote = {Provided by the SAO/NASA Astrophysics Data System}
}

@ARTICLE{planck11ix,
   author = {{Planck Collaboration}},
    title = "{Planck early results. IX. XMM-Newton follow-up for validation of Planck 
cluster candidates}",
  journal = {\aap},
archivePrefix = "arXiv",
   eprint = {1101.2025},
 keywords = {cosmology: observations, galaxies: clusters: general, galaxies: clusters: 
intracluster medium, cosmic background radiation, X-rays: galaxies: clusters},
     year = 2011,
    month = dec,
   volume = 536,
      eid = {A9},
    pages = {A9},
      doi = {10.1051/0004-6361/201116460},
   adsurl = {http://adsabs.harvard.edu/abs/2011A%26A...536A...9P},
  adsnote = {Provided by the SAO/NASA Astrophysics Data System}
}

@ARTICLE{planck11xi,
   author = {{Planck Collaboration}},
    title = "{Planck early results. XI. Calibration of the local galaxy cluster 
Sunyaev-Zeldovich scaling relations}",
  journal = {\aap},
archivePrefix = "arXiv",
   eprint = {1101.2026},
 keywords = {galaxies: clusters: interacluster medium, X-rays: galaxies: clusters, 
cosmology: observations},
     year = 2011,
    month = dec,
   volume = 536,
      eid = {A11},
    pages = {A11},
      doi = {10.1051/0004-6361/201116458},
   adsurl = {http://adsabs.harvard.edu/abs/2011A%26A...536A..11P},
  adsnote = {Provided by the SAO/NASA Astrophysics Data System}
}

@ARTICLE{planck13xxix,
   author = {{Planck Collaboration}},
    title = "{Planck 2013 results. XXIX. The Planck catalogue of Sunyaev-Zeldovich 
sources}",
  journal = {\aap},
archivePrefix = "arXiv",
   eprint = {1303.5089},
 keywords = {large-scale structure of Universe, galaxies: clusters: general, catalogs},
     year = 2014,
    month = nov,
   volume = 571,
      eid = {A29},
    pages = {A29},
      doi = {10.1051/0004-6361/201321523},
   adsurl = {http://adsabs.harvard.edu/abs/2014A%26A...571A..29P},
  adsnote = {Provided by the SAO/NASA Astrophysics Data System}
}

@ARTICLE{reichardt13,
   author = {{Reichardt}, C.~L. and {Stalder}, B. and {Bleem}, L.~E. and 
    {Montroy}, T.~E. and {Aird}, K.~A. and {Andersson}, K. and {Armstrong}, R. and 
    {Ashby}, M.~L.~N. and {Bautz}, M. and {Bayliss}, M. and {Bazin}, G. and 
    {Benson}, B.~A. and {Brodwin}, M. and {Carlstrom}, J.~E. and 
    {Chang}, C.~L. and {Cho}, H.~M. and {Clocchiatti}, A. and {Crawford}, T.~M. and 
    {Crites}, A.~T. and {de Haan}, T. and {Desai}, S. and {Dobbs}, M.~A. and 
    {Dudley}, J.~P. and {Foley}, R.~J. and {Forman}, W.~R. and {George}, E.~M. and 
    {Gladders}, M.~D. and {Gonzalez}, A.~H. and {Halverson}, N.~W. and 
    {Harrington}, N.~L. and {High}, F.~W. and {Holder}, G.~P. and 
    {Holzapfel}, W.~L. and {Hoover}, S. and {Hrubes}, J.~D. and 
    {Jones}, C. and {Joy}, M. and {Keisler}, R. and {Knox}, L. and 
    {Lee}, A.~T. and {Leitch}, E.~M. and {Liu}, J. and {Lueker}, M. and 
    {Luong-Van}, D. and {Mantz}, A. and {Marrone}, D.~P. and {McDonald}, M. and 
    {McMahon}, J.~J. and {Mehl}, J. and {Meyer}, S.~S. and {Mocanu}, L. and 
    {Mohr}, J.~J. and {Murray}, S.~S. and {Natoli}, T. and {Padin}, S. and 
    {Plagge}, T. and {Pryke}, C. and {Rest}, A. and {Ruel}, J. and 
    {Ruhl}, J.~E. and {Saliwanchik}, B.~R. and {Saro}, A. and {Sayre}, J.~T. and 
    {Schaffer}, K.~K. and {Shaw}, L. and {Shirokoff}, E. and {Song}, J. and 
    {Spieler}, H.~G. and {Staniszewski}, Z. and {Stark}, A.~A. and 
    {Story}, K. and {Stubbs}, C.~W. and {{\v S}uhada}, R. and {van Engelen}, A. and 
    {Vanderlinde}, K. and {Vieira}, J.~D. and {Vikhlinin}, A. and 
    {Williamson}, R. and {Zahn}, O. and {Zenteno}, A.},
    title = "{Galaxy Clusters Discovered via the Sunyaev-Zel'dovich Effect in the First 720 
Square Degrees of the South Pole Telescope Survey}",
  journal = {\apj},
archivePrefix = "arXiv",
   eprint = {1203.5775},
 keywords = {cosmic background radiation, cosmology: observations, galaxies: clusters: 
individual, large-scale structure of universe},
     year = 2013,
    month = feb,
   volume = 763,
      eid = {127},
    pages = {127},
      doi = {10.1088/0004-637X/763/2/127},
   adsurl = {http://adsabs.harvard.edu/abs/2013ApJ...763..127R},
  adsnote = {Provided by the SAO/NASA Astrophysics Data System}
}

@ARTICLE{schechter76,
   author = {{Schechter}, P.},
    title = "{An analytic expression for the luminosity function for galaxies.}",
  journal = {\apj},
     year = 1976,
    month = jan,
   volume = 203,
    pages = {297-306},
      doi = {10.1086/154079},
   adsurl = {http://adsabs.harvard.edu/abs/1976ApJ...203..297S},
  adsnote = {Provided by the SAO/NASA Astrophysics Data System}
}

@ARTICLE{sifon13,
   author = {{Sif{\'o}n}, C. and {Menanteau}, F. and {Hasselfield}, M. and 
    {Marriage}, T.~A. and {Hughes}, J.~P. and {Barrientos}, L.~F. and 
    {Gonz{\'a}lez}, J. and {Infante}, L. and {Addison}, G.~E. and 
    {Baker}, A.~J. and {Battaglia}, N. and {Bond}, J.~R. and {Crichton}, D. and 
    {Das}, S. and {Devlin}, M.~J. and {Dunkley}, J. and {D{\"u}nner}, R. and 
    {Gralla}, M.~B. and {Hajian}, A. and {Hilton}, M. and {Hincks}, A.~D. and 
    {Kosowsky}, A.~B. and {Marsden}, D. and {Moodley}, K. and {Niemack}, M.~D. and 
    {Nolta}, M.~R. and {Page}, L.~A. and {Partridge}, B. and {Reese}, E.~D. and 
    {Sehgal}, N. and {Sievers}, J. and {Spergel}, D.~N. and {Staggs}, S.~T. and 
    {Thornton}, R.~J. and {Trac}, H. and {Wollack}, E.~J.},
    title = "{The Atacama Cosmology Telescope: Dynamical Masses and Scaling Relations for a 
Sample of Massive Sunyaev-Zel'dovich Effect Selected Galaxy Clusters}",
  journal = {\apj},
archivePrefix = "arXiv",
   eprint = {1201.0991},
 keywords = {cosmic background radiation, cosmology: observations, galaxies: clusters: 
general, galaxies: distances and redshifts },
     year = 2013,
    month = jul,
   volume = 772,
      eid = {25},
    pages = {25},
      doi = {10.1088/0004-637X/772/1/25},
   adsurl = {http://adsabs.harvard.edu/abs/2013ApJ...772...25S},
  adsnote = {Provided by the SAO/NASA Astrophysics Data System}
}

@ARTICLE{skrutskie06,
   author = {{Skrutskie}, M.~F. and {Cutri}, R.~M. and {Stiening}, R. and 
    {Weinberg}, M.~D. and {Schneider}, S. and {Carpenter}, J.~M. and 
    {Beichman}, C. and {Capps}, R. and {Chester}, T. and {Elias}, J. and 
    {Huchra}, J. and {Liebert}, J. and {Lonsdale}, C. and {Monet}, D.~G. and 
    {Price}, S. and {Seitzer}, P. and {Jarrett}, T. and {Kirkpatrick}, J.~D. and 
    {Gizis}, J.~E. and {Howard}, E. and {Evans}, T. and {Fowler}, J. and 
    {Fullmer}, L. and {Hurt}, R. and {Light}, R. and {Kopan}, E.~L. and 
    {Marsh}, K.~A. and {McCallon}, H.~L. and {Tam}, R. and {Van Dyk}, S. and 
    {Wheelock}, S.},
    title = "{The Two Micron All Sky Survey (2MASS)}",
  journal = {\aj},
 keywords = {Catalogs, Infrared: General, Surveys},
     year = 2006,
    month = feb,
   volume = 131,
    pages = {1163-1183},
      doi = {10.1086/498708},
   adsurl = {http://adsabs.harvard.edu/abs/2006AJ....131.1163S},
  adsnote = {Provided by the SAO/NASA Astrophysics Data System}
}

@ARTICLE{sunyaev72,
   author = {{Sunyaev}, R.~A. and {Zel'dovich}, Y.~B.},
    title = "{The Observations of Relic Radiation as a Test of the Nature of X-Ray Radiation 
from the Clusters of Galaxies}",
  journal = {Comments on Astrophysics and Space Physics},
 keywords = {Cosmology, Microwave Background Radiation, Clusters of Galaxies, X-Ray 
Astronomy, Intergalactic Gas},
     year = 1972,
    month = nov,
   volume = 4,
    pages = {173},
   adsurl = {http://adsabs.harvard.edu/abs/1972CoASP...4..173S},
  adsnote = {Provided by the SAO/NASA Astrophysics Data System}
}

@ARTICLE{verdugo11,
   author = {{Verdugo}, T. and {Motta}, V. and {Mu{\~n}oz}, R.~P. and {Limousin}, M. and 
    {Cabanac}, R. and {Richard}, J.},
    title = "{Gravitational lensing and dynamics in SL2S J02140-0535: probing the mass out 
to large radius}",
  journal = {\aap},
archivePrefix = "arXiv",
   eprint = {1005.1566},
 keywords = {gravitational lensing: strong, galaxies: groups: general, galaxies: groups: 
individual:SL2S J02140-0535},
     year = 2011,
    month = mar,
   volume = 527,
      eid = {A124},
    pages = {A124},
      doi = {10.1051/0004-6361/201014965},
   adsurl = {http://adsabs.harvard.edu/abs/2011A%26A...527A.124V},
  adsnote = {Provided by the SAO/NASA Astrophysics Data System}
}

@ARTICLE{williamson11,
   author = {{Williamson}, R. and {Benson}, B.~A. and {High}, F.~W. and {Vanderlinde}, K. 
and 
    {Ade}, P.~A.~R. and {Aird}, K.~A. and {Andersson}, K. and {Armstrong}, R. and 
    {Ashby}, M.~L.~N. and {Bautz}, M. and {Bazin}, G. and {Bertin}, E. and 
    {Bleem}, L.~E. and {Bonamente}, M. and {Brodwin}, M. and {Carlstrom}, J.~E. and 
    {Chang}, C.~L. and {Chapman}, S.~C. and {Clocchiatti}, A. and 
    {Crawford}, T.~M. and {Crites}, A.~T. and {de Haan}, T. and 
    {Desai}, S. and {Dobbs}, M.~A. and {Dudley}, J.~P. and {Fazio}, G.~G. and 
    {Foley}, R.~J. and {Forman}, W.~R. and {Garmire}, G. and {George}, E.~M. and 
    {Gladders}, M.~D. and {Gonzalez}, A.~H. and {Halverson}, N.~W. and 
    {Holder}, G.~P. and {Holzapfel}, W.~L. and {Hoover}, S. and 
    {Hrubes}, J.~D. and {Jones}, C. and {Joy}, M. and {Keisler}, R. and 
    {Knox}, L. and {Lee}, A.~T. and {Leitch}, E.~M. and {Lueker}, M. and 
    {Luong-Van}, D. and {Marrone}, D.~P. and {McMahon}, J.~J. and 
    {Mehl}, J. and {Meyer}, S.~S. and {Mohr}, J.~J. and {Montroy}, T.~E. and 
    {Murray}, S.~S. and {Padin}, S. and {Plagge}, T. and {Pryke}, C. and 
    {Reichardt}, C.~L. and {Rest}, A. and {Ruel}, J. and {Ruhl}, J.~E. and 
    {Saliwanchik}, B.~R. and {Saro}, A. and {Schaffer}, K.~K. and 
    {Shaw}, L. and {Shirokoff}, E. and {Song}, J. and {Spieler}, H.~G. and 
    {Stalder}, B. and {Stanford}, S.~A. and {Staniszewski}, Z. and 
    {Stark}, A.~A. and {Story}, K. and {Stubbs}, C.~W. and {Vieira}, J.~D. and 
    {Vikhlinin}, A. and {Zenteno}, A.},
    title = "{A Sunyaev-Zel'dovich-selected Sample of the Most Massive Galaxy Clusters in 
the 2500 deg$^{2}$ South Pole Telescope Survey}",
  journal = {\apj},
archivePrefix = "arXiv",
   eprint = {1101.1290},
 keywords = {cosmic background radiation, cosmology: observations, galaxies: clusters: 
general},
     year = 2011,
    month = sep,
   volume = 738,
      eid = {139},
    pages = {139},
      doi = {10.1088/0004-637X/738/2/139},
   adsurl = {http://adsabs.harvard.edu/abs/2011ApJ...738..139W},
  adsnote = {Provided by the SAO/NASA Astrophysics Data System}
}

@ARTICLE{wright10,
   author = {{Wright}, E.~L. and {Eisenhardt}, P.~R.~M. and {Mainzer}, A.~K. and 
    {Ressler}, M.~E. and {Cutri}, R.~M. and {Jarrett}, T. and {Kirkpatrick}, J.~D. and 
    {Padgett}, D. and {McMillan}, R.~S. and {Skrutskie}, M. and 
    {Stanford}, S.~A. and {Cohen}, M. and {Walker}, R.~G. and {Mather}, J.~C. and 
    {Leisawitz}, D. and {Gautier}, III, T.~N. and {McLean}, I. and 
    {Benford}, D. and {Lonsdale}, C.~J. and {Blain}, A. and {Mendez}, B. and 
    {Irace}, W.~R. and {Duval}, V. and {Liu}, F. and {Royer}, D. and 
    {Heinrichsen}, I. and {Howard}, J. and {Shannon}, M. and {Kendall}, M. and 
    {Walsh}, A.~L. and {Larsen}, M. and {Cardon}, J.~G. and {Schick}, S. and 
    {Schwalm}, M. and {Abid}, M. and {Fabinsky}, B. and {Naes}, L. and 
    {Tsai}, C.-W.},
    title = "{The Wide-field Infrared Survey Explorer (WISE): Mission Description and 
Initial On-orbit Performance}",
  journal = {\aj},
archivePrefix = "arXiv",
   eprint = {1008.0031},
 primaryClass = "astro-ph.IM",
 keywords = {infrared: general, space vehicles, surveys},
     year = 2010,
    month = dec,
   volume = 140,
      eid = {1868-1881},
    pages = {1868-1881},
      doi = {10.1088/0004-6256/140/6/1868},
   adsurl = {http://adsabs.harvard.edu/abs/2010AJ....140.1868W},
  adsnote = {Provided by the SAO/NASA Astrophysics Data System}
}

@ARTICLE{zitrin12_sdss,
   author = {{Zitrin}, A. and {Broadhurst}, T. and {Bartelmann}, M. and {Rephaeli}, Y. and 
    {Oguri}, M. and {Ben{\'{\i}}tez}, N. and {Hao}, J. and {Umetsu}, K.
    },
    title = "{The universal Einstein radius distribution from 10 000 SDSS clusters}",
  journal = {\mnras},
archivePrefix = "arXiv",
   eprint = {1105.2295},
 primaryClass = "astro-ph.CO",
 keywords = {gravitational lensing: strong, galaxies: clusters: general, galaxies: 
luminosity function, mass function, cosmology: observations, cosmology: theory, dark 
matter},
     year = 2012,
    month = jul,
   volume = 423,
    pages = {2308-2324},
      doi = {10.1111/j.1365-2966.2012.21041.x},
   adsurl = {http://adsabs.harvard.edu/abs/2012MNRAS.423.2308Z},
  adsnote = {Provided by the SAO/NASA Astrophysics Data System}
}

