@ARTICLE{abraham98,
   author = {{Abraham}, R.~G. and {Yee}, H.~K.~C. and {Ellingson}, E. and 
    {Carlberg}, R.~G. and {Gravel}, P.},
    title = "{The CNOC Cluster Redshift Survey Catalogs. V. MS 1224.7+2007 and MS 
1512.4+3647}",
  journal = {\apjs},
 keywords = {GALAXIES: CLUSTERS: INDIVIDUAL ALPHANUMERIC: MS 1512.4+3647, GALAXIES: 
CLUSTERS: INDIVIDUAL ALPHANUMERIC: MS 1224.7+2007, GALAXIES: DISTANCES AND REDSHIFTS, 
GALAXIES: PHOTOMETRY, Galaxies: Clusters: Individual: Alphanumeric: MS 1224.7+2007, 
Galaxies: Clusters: Individual: Alphanumeric: MS 1512.4+3647, Galaxies: Distances and 
Redshifts, Galaxies: Photometry},
     year = 1998,
    month = jun,
   volume = 116,
    pages = {231-246},
      doi = {10.1086/313105},
   adsurl = {http://adsabs.harvard.edu/abs/1998ApJS..116..231A},
  adsnote = {Provided by the SAO/NASA Astrophysics Data System}
}

@ARTICLE{agustsson06,
   author = {{Agustsson}, I. and {Brainerd}, T.~G.},
    title = "{The Orientation of Satellite Galaxies: Evidence of Elongation in the Direction 
of the Host}",
  journal = {\apjl},
   eprint = {astro-ph/0509405},
 keywords = {Galaxies: Dwarf, Galaxies: Fundamental Parameters, Galaxies: Halos, Cosmology: 
Gravitational Lensing},
     year = 2006,
    month = jun,
   volume = 644,
    pages = {L25-L28},
      doi = {10.1086/505465},
   adsurl = {http://adsabs.harvard.edu/abs/2006ApJ...644L..25A},
  adsnote = {Provided by the SAO/NASA Astrophysics Data System}
}

@ARTICLE{sdss9,
   author = {{Ahn}, C.~P. and {Alexandroff}, R. and {Allende Prieto}, C. and 
    {Anderson}, S.~F. and {Anderton}, T. and {Andrews}, B.~H. and 
    {Aubourg}, {\'E}. and {Bailey}, S. and {Balbinot}, E. and {Barnes}, R. and et al.},
    title = "{The Ninth Data Release of the Sloan Digital Sky Survey: First Spectroscopic 
Data from the SDSS-III Baryon Oscillation Spectroscopic Survey}",
  journal = {\apjs},
archivePrefix = "arXiv",
   eprint = {1207.7137},
 primaryClass = "astro-ph.IM",
 keywords = {atlases, catalogs, surveys },
     year = 2012,
    month = dec,
   volume = 203,
      eid = {21},
    pages = {21},
      doi = {10.1088/0067-0049/203/2/21},
   adsurl = {http://adsabs.harvard.edu/abs/2012ApJS..203...21A},
  adsnote = {Provided by the SAO/NASA Astrophysics Data System}
}

@ARTICLE{sdss10,
   author = {{Ahn}, C.~P. and {Alexandroff}, R. and {Allende Prieto}, C. and 
    {Anders}, F. and {Anderson}, S.~F. and {Anderton}, T. and {Andrews}, B.~H. and 
    {Aubourg}, {\'E}. and {Bailey}, S. and {Bastien}, F.~A. and et al.},
    title = "{The Tenth Data Release of the Sloan Digital Sky Survey: First Spectroscopic 
Data from the SDSS-III Apache Point Observatory Galactic Evolution Experiment}",
  journal = {\apjs},
archivePrefix = "arXiv",
   eprint = {1307.7735},
 primaryClass = "astro-ph.IM",
 keywords = {atlases, catalogs, surveys},
     year = 2014,
    month = apr,
   volume = 211,
      eid = {17},
    pages = {17},
      doi = {10.1088/0067-0049/211/2/17},
   adsurl = {http://adsabs.harvard.edu/abs/2014ApJS..211...17A},
  adsnote = {Provided by the SAO/NASA Astrophysics Data System}
}

@ARTICLE{altay06,
   author = {{Altay}, G. and {Colberg}, J.~M. and {Croft}, R.~A.~C.},
    title = "{The influence of large-scale structures on halo shapes and alignments}",
  journal = {\mnras},
   eprint = {astro-ph/0605296},
 keywords = {cosmology: observations: large-scale structure of Universe, cosmology: 
observations, large-scale structure of Universe},
     year = 2006,
    month = aug,
   volume = 370,
    pages = {1422-1428},
      doi = {10.1111/j.1365-2966.2006.10555.x},
   adsurl = {http://adsabs.harvard.edu/abs/2006MNRAS.370.1422A},
  adsnote = {Provided by the SAO/NASA Astrophysics Data System}
}

@ARTICLE{baier03,
   author = {{Baier}, F.~W. and {God{\l}owski}, W. and {MacGillivray}, H.~T.
    },
    title = "{Substructures and galaxy orientations in clusters II. Cluster Abell 14}",
  journal = {\aap},
 keywords = {methods: statistical, galaxies: clusters: general, galaxies: clusters: 
individual: Abell 14},
     year = 2003,
    month = jun,
   volume = 403,
    pages = {847-856},
      doi = {10.1051/0004-6361:20030441},
   adsurl = {http://adsabs.harvard.edu/abs/2003A%26A...403..847B},
  adsnote = {Provided by the SAO/NASA Astrophysics Data System}
}

@ARTICLE{barrena07,
   author = {{Barrena}, R. and {Boschin}, W. and {Girardi}, M. and {Spolaor}, M.
    },
    title = "{The dynamical status of the galaxy cluster Abell 115}",
  journal = {\aap},
archivePrefix = "arXiv",
   eprint = {0705.1444},
 keywords = {galaxies: clusters: general, galaxies: clusters: individual: Abell 115, 
galaxies: distances and redshifts, cosmology: observations},
     year = 2007,
    month = jul,
   volume = 469,
    pages = {861-872},
      doi = {10.1051/0004-6361:20077407},
   adsurl = {http://adsabs.harvard.edu/abs/2007A%26A...469..861B},
  adsnote = {Provided by the SAO/NASA Astrophysics Data System}
}

@ARTICLE{barrena13,
   author = {{Barrena}, R. and {Girardi}, M. and {Boschin}, W.},
    title = "{The puzzling merging cluster Abell 1914: new insights from the kinematics of 
member galaxies}",
  journal = {\mnras},
archivePrefix = "arXiv",
   eprint = {1301.5200},
 keywords = {galaxies: clusters: general, galaxies: clusters: individual: Abell 1914},
     year = 2013,
    month = apr,
   volume = 430,
    pages = {3453-3464},
      doi = {10.1093/mnras/stt144},
   adsurl = {http://adsabs.harvard.edu/abs/2013MNRAS.430.3453B},
  adsnote = {Provided by the SAO/NASA Astrophysics Data System}
}

@ARTICLE{barrena11,
   author = {{Barrena}, R. and {Girardi}, M. and {Boschin}, W. and {de Grandi}, S. and 
    {Eckert}, D. and {Rossetti}, M.},
    title = "{Internal dynamics of the galaxy cluster Abell 545. The ideal case where to 
study the simultaneous formation of a galaxy system and its brightest galaxy}",
  journal = {\aap},
 keywords = {galaxies: clusters: individual: Abell 545, galaxies: clusters: general, 
galaxies: kinematics and dynamics},
     year = 2011,
    month = may,
   volume = 529,
      eid = {A128},
    pages = {A128},
      doi = {10.1051/0004-6361/201016180},
   adsurl = {http://adsabs.harvard.edu/abs/2011A%26A...529A.128B},
  adsnote = {Provided by the SAO/NASA Astrophysics Data System}
}

@ARTICLE{beers90,
   author = {{Beers}, T.~C. and {Flynn}, K. and {Gebhardt}, K.},
    title = "{Measures of location and scale for velocities in clusters of galaxies - A 
robust approach}",
  journal = {\aj},
 keywords = {Galactic Clusters, Position (Location), Radial Velocity, Robustness 
(Mathematics), Astronomical Coordinates, Normal Density Functions, Velocity Distribution},
     year = 1990,
    month = jul,
   volume = 100,
    pages = {32-46},
      doi = {10.1086/115487},
   adsurl = {http://adsabs.harvard.edu/abs/1990AJ....100...32B},
  adsnote = {Provided by the SAO/NASA Astrophysics Data System}
}

@ARTICLE{belloni96,
   author = {{Belloni}, P. and {Roeser}, H.-J.},
    title = "{Galaxy population in distant galaxy clusters. I. CL 0939+472 (z=0.41) and CL 
0016+161 (z=0.54).}",
  journal = {\aaps},
 keywords = {GALAXIES: CLUSTERS: CL 0939+472, CL 0016+161, GALAXIES: CLUSTERS, REDSHIFTS, 
EVOLUTION},
     year = 1996,
    month = jul,
   volume = 118,
    pages = {65-87},
   adsurl = {http://adsabs.harvard.edu/abs/1996A%26AS..118...65B},
  adsnote = {Provided by the SAO/NASA Astrophysics Data System}
}

@ARTICLE{bernstein02,
   author = {{Bernstein}, G.~M. and {Norberg}, P.},
    title = "{Shape Alignments of Satellite Galaxies}",
  journal = {\aj},
   eprint = {astro-ph/0205506},
 keywords = {Galaxies: Dwarf, Galaxies: Halos, Cosmology: Gravitational Lensing},
     year = 2002,
    month = aug,
   volume = 124,
    pages = {733-736},
      doi = {10.1086/341383},
   adsurl = {http://adsabs.harvard.edu/abs/2002AJ....124..733B},
  adsnote = {Provided by the SAO/NASA Astrophysics Data System}
}

@ARTICLE{bertin96,
   author = {{Bertin}, E. and {Arnouts}, S.},
    title = "{SExtractor: Software for source extraction.}",
  journal = {\aaps},
 keywords = {METHODS: DATA ANALYSIS, TECHNIQUES: IMAGE PROCESSING, GALAXIES: PHOTOMETRY},
     year = 1996,
    month = jun,
   volume = 117,
    pages = {393-404},
      doi = {10.1051/aas:1996164},
   adsurl = {http://adsabs.harvard.edu/abs/1996A%26AS..117..393B},
  adsnote = {Provided by the SAO/NASA Astrophysics Data System}
}

@ARTICLE{binggeli82,
   author = {{Binggeli}, B.},
    title = "{The shape and orientation of clusters of galaxies}",
  journal = {\aap},
 keywords = {Astronomical Coordinates, Elliptical Galaxies, Galactic Clusters, Galactic 
Evolution, Galactic Structure, Spatial Distribution, Astronomical Models, Galactic Rotation, 
Monte Carlo Method, Shapes, Star Distribution},
     year = 1982,
    month = mar,
   volume = 107,
    pages = {338-349},
   adsurl = {http://adsabs.harvard.edu/abs/1982A%26A...107..338B},
  adsnote = {Provided by the SAO/NASA Astrophysics Data System}
}

@ARTICLE{blazek12,
   author = {{Blazek}, J. and {Mandelbaum}, R. and {Seljak}, U. and {Nakajima}, R.
    },
    title = "{Separating intrinsic alignment and galaxy-galaxy lensing}",
  journal = {\jcap},
archivePrefix = "arXiv",
   eprint = {1204.2264},
 primaryClass = "astro-ph.CO",
     year = 2012,
    month = may,
   volume = 5,
      eid = {041},
    pages = {041},
      doi = {10.1088/1475-7516/2012/05/041},
   adsurl = {http://adsabs.harvard.edu/abs/2012JCAP...05..041B},
  adsnote = {Provided by the SAO/NASA Astrophysics Data System}
}

@ARTICLE{boschin09,
   author = {{Boschin}, W. and {Barrena}, R. and {Girardi}, M.},
    title = "{Internal dynamics of the galaxy cluster Abell 959}",
  journal = {\aap},
archivePrefix = "arXiv",
   eprint = {0901.3390},
 primaryClass = "astro-ph.CO",
 keywords = {galaxies: clusters: individual: Abell 959, galaxies:, clusters: general, 
galaxies: distances and redshifts},
     year = 2009,
    month = feb,
   volume = 495,
    pages = {15-26},
      doi = {10.1051/0004-6361:200811043},
   adsurl = {http://adsabs.harvard.edu/abs/2009A%26A...495...15B},
  adsnote = {Provided by the SAO/NASA Astrophysics Data System}
}

@ARTICLE{boschin04,
   author = {{Boschin}, W. and {Girardi}, M. and {Barrena}, R. and {Biviano}, A. and 
    {Feretti}, L. and {Ramella}, M.},
    title = "{Internal dynamics of the radio-halo cluster A2219: A multi-wavelength 
analysis}",
  journal = {\aap},
   eprint = {astro-ph/0311497},
 keywords = {galaxies: clusters: general, galaxies: clusters: individual: Abell 2219, 
galaxies: distances and redshifts, intergalactic medium, cosmology: observations},
     year = 2004,
    month = mar,
   volume = 416,
    pages = {839-851},
      doi = {10.1051/0004-6361:20034362},
   adsurl = {http://adsabs.harvard.edu/abs/2004A%26A...416..839B},
  adsnote = {Provided by the SAO/NASA Astrophysics Data System}
}

@ARTICLE{braglia09,
   author = {{Braglia}, F.~G. and {Pierini}, D. and {Biviano}, A. and {B{\"o}hringer}, H.
    },
    title = "{Multi-wavelength study of X-ray luminous clusters at z \~{} 0.3. I. 
Star-formation activity of cluster galaxies}",
  journal = {\aap},
archivePrefix = "arXiv",
   eprint = {0902.1534},
 keywords = {galaxies: clusters: general, galaxies: evolution, galaxies: stellar content, 
cosmology: observations, X-rays: galaxies: clusters},
     year = 2009,
    month = jun,
   volume = 500,
    pages = {947-963},
      doi = {10.1051/0004-6361/200811589},
   adsurl = {http://adsabs.harvard.edu/abs/2009A%26A...500..947B},
  adsnote = {Provided by the SAO/NASA Astrophysics Data System}
}

@ARTICLE{bridle07,
   author = {{Bridle}, S. and {King}, L.},
    title = "{Dark energy constraints from cosmic shear power spectra: impact of intrinsic 
alignments on photometric redshift requirements}",
  journal = {New Journal of Physics},
archivePrefix = "arXiv",
   eprint = {0705.0166},
     year = 2007,
    month = dec,
   volume = 9,
    pages = {444},
      doi = {10.1088/1367-2630/9/12/444},
   adsurl = {http://adsabs.harvard.edu/abs/2007NJPh....9..444B},
  adsnote = {Provided by the SAO/NASA Astrophysics Data System}
}

@ARTICLE{brown02,
   author = {{Brown}, M.~L. and {Taylor}, A.~N. and {Hambly}, N.~C. and {Dye}, S.
    },
    title = "{Measurement of intrinsic alignments in galaxy ellipticities}",
  journal = {\mnras},
   eprint = {astro-ph/0009499},
 keywords = {gravitational lensing, galaxies: formation, cosmology: observations, 
large-scale structure of Universe, gravitational lensing, galaxies: formation, cosmology: 
observations, large-scale structure of Universe},
     year = 2002,
    month = jul,
   volume = 333,
    pages = {501-509},
      doi = {10.1046/j.1365-8711.2002.05354.x},
   adsurl = {http://adsabs.harvard.edu/abs/2002MNRAS.333..501B},
  adsnote = {Provided by the SAO/NASA Astrophysics Data System}
}

@ARTICLE{bruzual03,
   author = {{Bruzual}, G. and {Charlot}, S.},
    title = "{Stellar population synthesis at the resolution of 2003}",
  journal = {\mnras},
   eprint = {astro-ph/0309134},
 keywords = {stars: evolution, galaxies: evolution, galaxies: formation, galaxies: stellar 
content},
     year = 2003,
    month = oct,
   volume = 344,
    pages = {1000-1028},
      doi = {10.1046/j.1365-8711.2003.06897.x},
   adsurl = {http://adsabs.harvard.edu/abs/2003MNRAS.344.1000B},
  adsnote = {Provided by the SAO/NASA Astrophysics Data System}
}

@ARTICLE{cacciato13,
   author = {{Cacciato}, M. and {van den Bosch}, F.~C. and {More}, S. and 
    {Mo}, H. and {Yang}, X.},
    title = "{Cosmological constraints from a combination of galaxy clustering and lensing - 
III. Application to SDSS data}",
  journal = {\mnras},
archivePrefix = "arXiv",
   eprint = {1207.0503},
 keywords = {gravitational lensing: weak, methods: statistical, galaxies: haloes, 
cosmological parameters, dark matter, large-scale structure of Universe},
     year = 2013,
    month = apr,
   volume = 430,
    pages = {767-786},
      doi = {10.1093/mnras/sts525},
   adsurl = {http://adsabs.harvard.edu/abs/2013MNRAS.430..767C},
  adsnote = {Provided by the SAO/NASA Astrophysics Data System}
}

@ARTICLE{catelan01,
   author = {{Catelan}, P. and {Kamionkowski}, M. and {Blandford}, R.~D.},
    title = "{Intrinsic and extrinsic galaxy alignment}",
  journal = {\mnras},
   eprint = {astro-ph/0005470},
 keywords = {GRAVITATIONAL LENSING, COSMOLOGY: THEORY, LARGE-SCALE STRUCTURE OF UNIVERSE},
     year = 2001,
    month = jan,
   volume = 320,
    pages = {L7-L13},
      doi = {10.1046/j.1365-8711.2001.04105.x},
   adsurl = {http://adsabs.harvard.edu/abs/2001MNRAS.320L...7C},
  adsnote = {Provided by the SAO/NASA Astrophysics Data System}
}

@ARTICLE{cava09,
   author = {{Cava}, A. and {Bettoni}, D. and {Poggianti}, B.~M. and {Couch}, W.~J. and 
    {Moles}, M. and {Varela}, J. and {Biviano}, A. and {D'Onofrio}, M. and 
    {Dressler}, A. and {Fasano}, G. and {Fritz}, J. and {Kj{\ae}rgaard}, P. and 
    {Ramella}, M. and {Valentinuzzi}, T.},
    title = "{WINGS-SPE Spectroscopy in the WIde-field Nearby Galaxy-cluster Survey}",
  journal = {\aap},
archivePrefix = "arXiv",
   eprint = {0812.2022},
 keywords = {galaxies: clusters: general, galaxies: distances and redshifts},
     year = 2009,
    month = mar,
   volume = 495,
    pages = {707-719},
      doi = {10.1051/0004-6361:200810997},
   adsurl = {http://adsabs.harvard.edu/abs/2009A%26A...495..707C},
  adsnote = {Provided by the SAO/NASA Astrophysics Data System}
}

@ARTICLE{chisari14,
   author = {{Chisari}, N.~E. and {Mandelbaum}, R. and {Strauss}, M.~A. and 
    {Huff}, E.~M. and {Bahcall}, N.~A.},
    title = "{Intrinsic alignments of group and cluster galaxies in photometric surveys}",
  journal = {\mnras},
archivePrefix = "arXiv",
   eprint = {1407.4813},
 keywords = {gravitational lensing: weak, methods: data analysis, galaxies: clusters: 
general, galaxies: groups: general, cosmology: observations},
     year = 2014,
    month = nov,
   volume = 445,
    pages = {726-748},
      doi = {10.1093/mnras/stu1786},
   adsurl = {http://adsabs.harvard.edu/abs/2014MNRAS.445..726C},
  adsnote = {Provided by the SAO/NASA Astrophysics Data System}
}

@ARTICLE{christlein03,
   author = {{Christlein}, D. and {Zabludoff}, A.~I.},
    title = "{Galaxy Luminosity Functions from Deep Spectroscopic Samples of Rich 
Clusters}",
  journal = {\apj},
   eprint = {astro-ph/0304031},
 keywords = {Galaxies: Clusters: General, Galaxies: Clusters: Individual: Alphanumeric: A85, 
galaxies: clusters: individual (A496, A754), Galaxies: Clusters: Individual: Alphanumeric: 
A1060, Galaxies: Clusters: Individual: Alphanumeric: A1631, Galaxies: Clusters: Individual: 
Alphanumeric: A3266, Galaxies: Evolution, Galaxies: Luminosity Function, Mass Function},
     year = 2003,
    month = jul,
   volume = 591,
    pages = {764-783},
      doi = {10.1086/375529},
   adsurl = {http://adsabs.harvard.edu/abs/2003ApJ...591..764C},
  adsnote = {Provided by the SAO/NASA Astrophysics Data System}
}

@ARTICLE{ciotti94,
   author = {{Ciotti}, L. and {Dutta}, S.~N.},
    title = "{Alignment and Morphology of Elliptical Galaxies - the Influence of the Cluster 
Tidal Field}",
  journal = {\mnras},
   eprint = {astro-ph/9404059},
     year = 1994,
    month = sep,
   volume = 270,
    pages = {390},
      doi = {10.1093/mnras/270.2.390},
   adsurl = {http://adsabs.harvard.edu/abs/1994MNRAS.270..390C},
  adsnote = {Provided by the SAO/NASA Astrophysics Data System}
}

@ARTICLE{colless01,
   author = {{Colless}, M. and {Dalton}, G. and {Maddox}, S. and {Sutherland}, W. and 
    {Norberg}, P. and {Cole}, S. and {Bland-Hawthorn}, J. and {Bridges}, T. and 
    {Cannon}, R. and {Collins}, C. and {Couch}, W. and {Cross}, N. and 
    {Deeley}, K. and {De Propris}, R. and {Driver}, S.~P. and {Efstathiou}, G. and 
    {Ellis}, R.~S. and {Frenk}, C.~S. and {Glazebrook}, K. and {Jackson}, C. and 
    {Lahav}, O. and {Lewis}, I. and {Lumsden}, S. and {Madgwick}, D. and 
    {Peacock}, J.~A. and {Peterson}, B.~A. and {Price}, I. and {Seaborne}, M. and 
    {Taylor}, K.},
    title = "{The 2dF Galaxy Redshift Survey: spectra and redshifts}",
  journal = {\mnras},
   eprint = {astro-ph/0106498},
 keywords = {SURVEYS, GALAXIES: CLUSTERS: GENERAL, GALAXIES: DISTANCES AND REDSHIFTS, 
COSMOLOGY: OBSERVATIONS, LARGE-SCALE STRUCTURE OF UNIVERSE},
     year = 2001,
    month = dec,
   volume = 328,
    pages = {1039-1063},
      doi = {10.1046/j.1365-8711.2001.04902.x},
   adsurl = {http://adsabs.harvard.edu/abs/2001MNRAS.328.1039C},
  adsnote = {Provided by the SAO/NASA Astrophysics Data System}
}

@ARTICLE{colless03,
   author = {{Colless}, M. and {Peterson}, B.~A. and {Jackson}, C. and {Peacock}, J.~A. and 
    {Cole}, S. and {Norberg}, P. and {Baldry}, I.~K. and {Baugh}, C.~M. and 
    {Bland-Hawthorn}, J. and {Bridges}, T. and {Cannon}, R. and 
    {Collins}, C. and {Couch}, W. and {Cross}, N. and {Dalton}, G. and 
    {De Propris}, R. and {Driver}, S.~P. and {Efstathiou}, G. and 
    {Ellis}, R.~S. and {Frenk}, C.~S. and {Glazebrook}, K. and {Lahav}, O. and 
    {Lewis}, I. and {Lumsden}, S. and {Maddox}, S. and {Madgwick}, D. and 
    {Sutherland}, W. and {Taylor}, K.},
    title = "{The 2dF Galaxy Redshift Survey: Final Data Release}",
  journal = {ArXiv Astrophysics e-prints},
   eprint = {astro-ph/0306581},
 keywords = {Astrophysics},
     year = 2003,
    month = jun,
   adsurl = {http://adsabs.harvard.edu/abs/2003astro.ph..6581C},
  adsnote = {Provided by the SAO/NASA Astrophysics Data System}
}

@ARTICLE{cooray01,
   author = {{Cooray}, A. and {Hu}, W.},
    title = "{Power Spectrum Covariance of Weak Gravitational Lensing}",
  journal = {\apj},
   eprint = {astro-ph/0012087},
 keywords = {Cosmology: Theory, Cosmology: Gravitational Lensing, Cosmology: Large-Scale 
Structure of Universe},
     year = 2001,
    month = jun,
   volume = 554,
    pages = {56-66},
      doi = {10.1086/321376},
   adsurl = {http://adsabs.harvard.edu/abs/2001ApJ...554...56C},
  adsnote = {Provided by the SAO/NASA Astrophysics Data System}
}

@ARTICLE{crawford11,
   author = {{Crawford}, S.~M. and {Wirth}, G.~D. and {Bershady}, M.~A. and 
    {Hon}, K.},
    title = "{Spectroscopy of Luminous Compact Blue Galaxies in Distant Clusters. I. 
Spectroscopic Data}",
  journal = {\apj},
archivePrefix = "arXiv",
   eprint = {1107.5276},
 keywords = {galaxies: clusters: general, galaxies: clusters: individual: MS0451{\ndash}03 
Cl0016+16 ClJ1324+3011 MS1054{\ndash}03 ClJ1604+430, galaxies: distances and redshifts, 
galaxies: evolution, galaxies: starburst},
     year = 2011,
    month = nov,
   volume = 741,
      eid = {98},
    pages = {98},
      doi = {10.1088/0004-637X/741/2/98},
   adsurl = {http://adsabs.harvard.edu/abs/2011ApJ...741...98C},
  adsnote = {Provided by the SAO/NASA Astrophysics Data System}
}

@ARTICLE{czoske01,
   author = {{Czoske}, O. and {Kneib}, J.-P. and {Soucail}, G. and {Bridges}, T.~J. and 
    {Mellier}, Y. and {Cuillandre}, J.-C.},
    title = "{A wide-field spectroscopic survey of the cluster of galaxies 
<ASTROBJ>Cl0024+1654</ASTROBJ>. I. The catalogue}",
  journal = {\aap},
   eprint = {astro-ph/0103123},
 keywords = {GALAXIES: CLUSTERS: CL0024+1654, COSMOLOGY: OBSERVATIONS, COSMOLOGY: 
LARGE-SCALE STRUCTURE OF THE UNIVERSE},
     year = 2001,
    month = jun,
   volume = 372,
    pages = {391-405},
      doi = {10.1051/0004-6361:20010398},
   adsurl = {http://adsabs.harvard.edu/abs/2001A%26A...372..391C},
  adsnote = {Provided by the SAO/NASA Astrophysics Data System}
}

@ARTICLE{danese80,
   author = {{Danese}, L. and {de Zotti}, G. and {di Tullio}, G.},
    title = "{On velocity dispersions of galaxies in rich clusters}",
  journal = {\aap},
 keywords = {Galactic Clusters, Radial Velocity, Velocity Distribution, Error Analysis, 
Mean, Red Shift},
     year = 1980,
    month = feb,
   volume = 82,
    pages = {322-327},
   adsurl = {http://adsabs.harvard.edu/abs/1980A%26A....82..322D},
  adsnote = {Provided by the SAO/NASA Astrophysics Data System}
}

@ARTICLE{dekel85,
   author = {{Dekel}, A.},
    title = "{A search for galaxy-pancake alignments}",
  journal = {\apj},
 keywords = {Astronomical Models, Cosmology, Galactic Clusters, Galactic Structure, Angular 
Momentum, Galactic Evolution, Red Shift, Statistical Analysis},
     year = 1985,
    month = nov,
   volume = 298,
    pages = {461-473},
      doi = {10.1086/163631},
   adsurl = {http://adsabs.harvard.edu/abs/1985ApJ...298..461D},
  adsnote = {Provided by the SAO/NASA Astrophysics Data System}
}

@ARTICLE{dietrich02,
   author = {{Dietrich}, J.~P. and {Clowe}, D.~I. and {Soucail}, G.},
    title = "{Spectroscopy of the neighboring massive clusters Abell 222 and Abell 223}",
  journal = {\aap},
   eprint = {astro-ph/0208266},
 keywords = {galaxies: clusters: general, galaxies: clusters: individual: A 222, galaxies: 
clusters: individual: A 223, galaxies: distances and redshifts, galaxies: luminosity 
function, mass function},
     year = 2002,
    month = nov,
   volume = 394,
    pages = {395-403},
      doi = {10.1051/0004-6361:20021195},
   adsurl = {http://adsabs.harvard.edu/abs/2002A%26A...394..395D},
  adsnote = {Provided by the SAO/NASA Astrophysics Data System}
}

@ARTICLE{djorgovski83,
   author = {{Djorgovski}, S.},
    title = "{Alignment of galaxies in the Coma Cluster}",
  journal = {\apjl},
 keywords = {Cosmology, Galactic Clusters, Galactic Evolution, Alignment, Anisotropy, 
Astronomical Photometry},
     year = 1983,
    month = nov,
   volume = 274,
    pages = {L7-L11},
      doi = {10.1086/184140},
   adsurl = {http://adsabs.harvard.edu/abs/1983ApJ...274L...7D},
  adsnote = {Provided by the SAO/NASA Astrophysics Data System}
}

@ARTICLE{dressler92,
   author = {{Dressler}, A. and {Gunn}, J.~E.},
    title = "{Spectroscopy of galaxies in distant clusters. IV - A catalog of photometry and 
spectroscopy for galaxies in seven clusters with Z in the range of 0.35 to 0.55}",
  journal = {\apjs},
 keywords = {Astronomical Catalogs, Astronomical Photometry, Astronomical Spectroscopy, 
Color-Color Diagram, Galactic Clusters, Red Shift, Active Galaxies, Astrometry, 
Color-Magnitude Diagram, Galactic Evolution, Star Formation},
     year = 1992,
    month = jan,
   volume = 78,
    pages = {1-60},
      doi = {10.1086/191620},
   adsurl = {http://adsabs.harvard.edu/abs/1992ApJS...78....1D},
  adsnote = {Provided by the SAO/NASA Astrophysics Data System}
}

@ARTICLE{dressler88,
   author = {{Dressler}, A. and {Shectman}, S.~A.},
    title = "{Evidence for substructure in rich clusters of galaxies from radial-velocity 
measurements}",
  journal = {\aj},
 keywords = {Galactic Clusters, Radial Velocity, Statistical Analysis, Velocity Measurement, 
Cosmology, Histograms},
     year = 1988,
    month = apr,
   volume = 95,
    pages = {985-995},
      doi = {10.1086/114694},
   adsurl = {http://adsabs.harvard.edu/abs/1988AJ.....95..985D},
  adsnote = {Provided by the SAO/NASA Astrophysics Data System}
}

@ARTICLE{drinkwater10,
   author = {{Drinkwater}, M.~J. and {Jurek}, R.~J. and {Blake}, C. and {Woods}, D. and 
    {Pimbblet}, K.~A. and {Glazebrook}, K. and {Sharp}, R. and {Pracy}, M.~B. and 
    {Brough}, S. and {Colless}, M. and {Couch}, W.~J. and {Croom}, S.~M. and 
    {Davis}, T.~M. and {Forbes}, D. and {Forster}, K. and {Gilbank}, D.~G. and 
    {Gladders}, M. and {Jelliffe}, B. and {Jones}, N. and {Li}, I.-H. and 
    {Madore}, B. and {Martin}, D.~C. and {Poole}, G.~B. and {Small}, T. and 
    {Wisnioski}, E. and {Wyder}, T. and {Yee}, H.~K.~C.},
    title = "{The WiggleZ Dark Energy Survey: survey design and first data release}",
  journal = {\mnras},
archivePrefix = "arXiv",
   eprint = {0911.4246},
 keywords = {surveys, galaxies: high-redshift, galaxies: photometry, galaxies: starburst, 
cosmology: observations, ultraviolet: galaxies},
     year = 2010,
    month = jan,
   volume = 401,
    pages = {1429-1452},
      doi = {10.1111/j.1365-2966.2009.15754.x},
   adsurl = {http://adsabs.harvard.edu/abs/2010MNRAS.401.1429D},
  adsnote = {Provided by the SAO/NASA Astrophysics Data System}
}

@ARTICLE{duffy08,
   author = {{Duffy}, A.~R. and {Schaye}, J. and {Kay}, S.~T. and {Dalla Vecchia}, C.
    },
    title = "{Dark matter halo concentrations in the Wilkinson Microwave Anisotropy Probe 
year 5 cosmology}",
  journal = {\mnras},
archivePrefix = "arXiv",
   eprint = {0804.2486},
 keywords = {methods: N-body simulations, galaxies: clusters: general, galaxies: haloes, 
cosmological parameters, cosmology: theory, dark matter},
     year = 2008,
    month = oct,
   volume = 390,
    pages = {L64-L68},
      doi = {10.1111/j.1745-3933.2008.00537.x},
   adsurl = {http://adsabs.harvard.edu/abs/2008MNRAS.390L..64D},
  adsnote = {Provided by the SAO/NASA Astrophysics Data System}
}

@ARTICLE{durret98,
   author = {{Durret}, F. and {Felenbok}, P. and {Lobo}, C. and {Slezak}, E.
    },
    title = "{A catalogue of velocities in the cluster of galaxies Abell 85}",
  journal = {\aaps},
   eprint = {astro-ph/9709298},
 keywords = {GALAXIES: CLUSTERS: INDIVIDUAL: ABCG 85, GALAXIES: DISTANCES AND REDSHIFTS, 
INSTRUMENTATION: SPECTROGRAPHS},
     year = 1998,
    month = apr,
   volume = 129,
    pages = {281-288},
      doi = {10.1051/aas:1998185},
   adsurl = {http://adsabs.harvard.edu/abs/1998A%26AS..129..281D},
  adsnote = {Provided by the SAO/NASA Astrophysics Data System}
}

@ARTICLE{ebeling14,
   author = {{Ebeling}, H. and {Ma}, C.-J. and {Barrett}, E.},
    title = "{Spectroscopic Redshifts of Galaxies within the Frontier Fields}",
  journal = {\apjs},
archivePrefix = "arXiv",
   eprint = {1402.3769},
 keywords = {galaxies: clusters: individual: MACSJ0416.1{\ndash}2403 MACSJ0717.5+3745 
MACSJ1149.5+2223, galaxies: distances and redshifts},
     year = 2014,
    month = apr,
   volume = 211,
      eid = {21},
    pages = {21},
      doi = {10.1088/0067-0049/211/2/21},
   adsurl = {http://adsabs.harvard.edu/abs/2014ApJS..211...21E},
  adsnote = {Provided by the SAO/NASA Astrophysics Data System}
}

@ARTICLE{ellingson97,
   author = {{Ellingson}, E. and {Yee}, H.~K.~C. and {Abraham}, R.~G. and 
    {Morris}, S.~L. and {Carlberg}, R.~G. and {Smecker-Hane}, T.~A.
    },
    title = "{The CNOC Cluster Redshift Survey Catalogs. III. MS 1621.5+2640 and MS 
0302.7+1658}",
  journal = {\apjs},
 keywords = {GALAXIES: DISTANCES AND REDSHIFTS, GALAXIES: CLUSTERS: INDIVIDUAL ALPHANUMERIC: 
MS 0302.7+1658, GALAXIES: CLUSTERS: INDIVIDUAL ALPHANUMERIC: MS 1621.5+2640, SURVEYS, 
Galaxies: Clusters: Individual: Alphanumeric: MS 1621.5+2640, Galaxies: Clusters: 
Individual: Alphanumeric: MS 0302.7+1658, Galaxies: Distances and Redshifts, Surveys},
     year = 1997,
   volume = 113,
    pages = {1-21},
      doi = {10.1086/313049},
   adsurl = {http://adsabs.harvard.edu/abs/1997ApJS..113....1E},
  adsnote = {Provided by the SAO/NASA Astrophysics Data System}
}

@ARTICLE{evrard08,
   author = {{Evrard}, A.~E. and {Bialek}, J. and {Busha}, M. and {White}, M. and 
    {Habib}, S. and {Heitmann}, K. and {Warren}, M. and {Rasia}, E. and 
    {Tormen}, G. and {Moscardini}, L. and {Power}, C. and {Jenkins}, A.~R. and 
    {Gao}, L. and {Frenk}, C.~S. and {Springel}, V. and {White}, S.~D.~M. and 
    {Diemand}, J.},
    title = "{Virial Scaling of Massive Dark Matter Halos: Why Clusters Prefer a High 
Normalization Cosmology}",
  journal = {\apj},
   eprint = {astro-ph/0702241},
 keywords = {cosmology: miscellaneous, cosmology: theory, dark matter, galaxies: clusters: 
general, gravitation, intergalactic medium},
     year = 2008,
    month = jan,
   volume = 672,
      eid = {122-137},
    pages = {122-137},
      doi = {10.1086/521616},
   adsurl = {http://adsabs.harvard.edu/abs/2008ApJ...672..122E},
  adsnote = {Provided by the SAO/NASA Astrophysics Data System}
}

@ARTICLE{fadda96,
   author = {{Fadda}, D. and {Girardi}, M. and {Giuricin}, G. and {Mardirossian}, F. and 
    {Mezzetti}, M.},
    title = "{The Observational Distribution of Internal Velocity Dispersions in Nearby 
Galaxy Clusters}",
  journal = {\apj},
   eprint = {astro-ph/9606098},
 keywords = {GALAXIES: CLUSTERS: GENERAL, GALAXIES: DISTANCES AND REDSHIFTS, GALAXIES: 
KINEMATICS AND DYNAMICS},
     year = 1996,
    month = dec,
   volume = 473,
    pages = {670},
      doi = {10.1086/178180},
   adsurl = {http://adsabs.harvard.edu/abs/1996ApJ...473..670F},
  adsnote = {Provided by the SAO/NASA Astrophysics Data System}
}

@ARTICLE{faltenbacher07_entropy,
   author = {{Faltenbacher}, A. and {Hoffman}, Y. and {Gottl{\"o}ber}, S. and 
    {Yepes}, G.},
    title = "{Entropy of gas and dark matter in galaxy clusters}",
  journal = {\mnras},
   eprint = {astro-ph/0608304},
 keywords = {methods: numerical , galaxies: clusters: general},
     year = 2007,
    month = apr,
   volume = 376,
    pages = {1327-1334},
      doi = {10.1111/j.1365-2966.2007.11529.x},
   adsurl = {http://adsabs.harvard.edu/abs/2007MNRAS.376.1327F},
  adsnote = {Provided by the SAO/NASA Astrophysics Data System}
}

@ARTICLE{faltenbacher08,
   author = {{Faltenbacher}, A. and {Jing}, Y.~P. and {Li}, C. and {Mao}, S. and 
    {Mo}, H.~J. and {Pasquali}, A. and {van den Bosch}, F.~C.},
    title = "{Spatial and Kinematic Alignments between Central and Satellite Halos}",
  journal = {\apj},
archivePrefix = "arXiv",
   eprint = {0706.0262},
 keywords = {dark matter, galaxies: clusters: general, galaxies: kinematics and dynamics, 
methods: numerical },
     year = 2008,
    month = mar,
   volume = 675,
      eid = {146-155},
    pages = {146-155},
      doi = {10.1086/525243},
   adsurl = {http://adsabs.harvard.edu/abs/2008ApJ...675..146F},
  adsnote = {Provided by the SAO/NASA Astrophysics Data System}
}

@ARTICLE{faltenbacher07_alignment,
   author = {{Faltenbacher}, A. and {Li}, C. and {Mao}, S. and {van den Bosch}, F.~C. and 
    {Yang}, X. and {Jing}, Y.~P. and {Pasquali}, A. and {Mo}, H.~J.
    },
    title = "{Three Different Types of Galaxy Alignment within Dark Matter Halos}",
  journal = {\apjl},
archivePrefix = "arXiv",
   eprint = {0704.0674},
 keywords = {Galaxies: Clusters: General, Galaxies: Kinematics and Dynamics, Surveys},
     year = 2007,
    month = jun,
   volume = 662,
    pages = {L71-L74},
      doi = {10.1086/519683},
   adsurl = {http://adsabs.harvard.edu/abs/2007ApJ...662L..71F},
  adsnote = {Provided by the SAO/NASA Astrophysics Data System}
}

@ARTICLE{ferrari03,
   author = {{Ferrari}, C. and {Maurogordato}, S. and {Cappi}, A. and {Benoist}, C.
    },
    title = "{Multiple merging events in Abell 521}",
  journal = {\aap},
   eprint = {astro-ph/0211592},
 keywords = {galaxies: clusters: general, galaxies: clusters: individual: Abell 521, 
galaxies: distances and redshifts, cosmology: observations},
     year = 2003,
    month = mar,
   volume = 399,
    pages = {813-828},
      doi = {10.1051/0004-6361:20021741},
   adsurl = {http://adsabs.harvard.edu/abs/2003A%26A...399..813F},
  adsnote = {Provided by the SAO/NASA Astrophysics Data System}
}

@ARTICLE{fisher98,
   author = {{Fisher}, D. and {Fabricant}, D. and {Franx}, M. and {van Dokkum}, P.
    },
    title = "{A Spectroscopic Survey of the Galaxy Cluster CL 1358+62 at Z = 0.328}",
  journal = {\apj},
   eprint = {astro-ph/9801137},
 keywords = {GALAXIES: DISTANCES AND REDSHIFTS, GALAXIES: STRUCTURE, GALAXIES: EVOLUTION, 
GALAXIES: KINEMATICS AND DYNAMICS, GALAXIES: CLUSTERS: INDIVIDUAL ALPHANUMERIC: CL 1358+62, 
Galaxies: Clusters: Individual: Alphanumeric: Cl 1358+62, Galaxies: Distances and Redshifts, 
Galaxies: Evolution, Galaxies: Kinematics and Dynamics, Galaxies: Structure},
     year = 1998,
    month = may,
   volume = 498,
    pages = {195-212},
      doi = {10.1086/305553},
   adsurl = {http://adsabs.harvard.edu/abs/1998ApJ...498..195F},
  adsnote = {Provided by the SAO/NASA Astrophysics Data System}
}

@ARTICLE{geller14,
   author = {{Geller}, M.~J. and {Hwang}, H.~S. and {Diaferio}, A. and {Kurtz}, M.~J. and 
    {Coe}, D. and {Rines}, K.~J.},
    title = "{A Redshift Survey of the Strong-lensing Cluster Abell 383}",
  journal = {\apj},
archivePrefix = "arXiv",
   eprint = {1401.1440},
 keywords = {dark matter, galaxies: clusters: individual: Abell 3833, galaxies: distances 
and redshifts, galaxies: kinematics and dynamics, gravitational lensing: weak},
     year = 2014,
    month = mar,
   volume = 783,
      eid = {52},
    pages = {52},
      doi = {10.1088/0004-637X/783/1/52},
   adsurl = {http://adsabs.harvard.edu/abs/2014ApJ...783...52G},
  adsnote = {Provided by the SAO/NASA Astrophysics Data System}
}

@ARTICLE{george12,
   author = {{George}, M.~R. and {Leauthaud}, A. and {Bundy}, K. and {Finoguenov}, A. and 
    {Ma}, C.-P. and {Rykoff}, E.~S. and {Tinker}, J.~L. and {Wechsler}, R.~H. and 
    {Massey}, R. and {Mei}, S.},
    title = "{Galaxies in X-Ray Groups. II. A Weak Lensing Study of Halo Centering}",
  journal = {\apj},
archivePrefix = "arXiv",
   eprint = {1205.4262},
 primaryClass = "astro-ph.CO",
 keywords = {cosmology: observations, galaxies: clusters: general, galaxies: groups: 
general, gravitational lensing: weak},
     year = 2012,
    month = sep,
   volume = 757,
      eid = {2},
    pages = {2},
      doi = {10.1088/0004-637X/757/1/2},
   adsurl = {http://adsabs.harvard.edu/abs/2012ApJ...757....2G},
  adsnote = {Provided by the SAO/NASA Astrophysics Data System}
}

@ARTICLE{girardi08,
   author = {{Girardi}, M. and {Barrena}, R. and {Boschin}, W. and {Ellingson}, E.
    },
    title = "{Cluster Abell 520: a perspective based on member galaxies. A cluster forming 
at the crossing of three filaments?}",
  journal = {\aap},
archivePrefix = "arXiv",
   eprint = {0809.3139},
 keywords = {galaxies: clusters: individual: Abell 520, galaxies: clusters: general, 
galaxies: distances and redshifts},
     year = 2008,
    month = nov,
   volume = 491,
    pages = {379-395},
      doi = {10.1051/0004-6361:200810549},
   adsurl = {http://adsabs.harvard.edu/abs/2008A%26A...491..379G},
  adsnote = {Provided by the SAO/NASA Astrophysics Data System}
}

@ARTICLE{godlowski98,
   author = {{God{\l}owski}, W. and {Baier}, F.~W. and {MacGillivray}, H.~T.
    },
    title = "{Substructures and galaxy orientations in clusters. I. The cluster Abell 754}",
  journal = {\aap},
 keywords = {METHODS: STATISTICAL, GALAXIES: CLUSTERS: GENERAL, GALAXIES: CLUSTERS: 
INDIVIDUAL: A 754},
     year = 1998,
    month = nov,
   volume = 339,
    pages = {709-718},
   adsurl = {http://adsabs.harvard.edu/abs/1998A%26A...339..709G},
  adsnote = {Provided by the SAO/NASA Astrophysics Data System}
}

@ARTICLE{godlowski10,
   author = {{God{\l}owski}, W. and {Piwowarska}, P. and {Panko}, E. and 
    {Flin}, P.},
    title = "{The Orientation of Galaxies in Galaxy Clusters}",
  journal = {\apj},
archivePrefix = "arXiv",
   eprint = {1009.1059},
 keywords = {galaxies: clusters: general},
     year = 2010,
    month = nov,
   volume = 723,
    pages = {985-992},
      doi = {10.1088/0004-637X/723/2/985},
   adsurl = {http://adsabs.harvard.edu/abs/2010ApJ...723..985G},
  adsnote = {Provided by the SAO/NASA Astrophysics Data System}
}

@ARTICLE{hall14,
   author = {{Hall}, A. and {Taylor}, A.},
    title = "{Intrinsic alignments in the cross-correlation of cosmic shear and cosmic 
microwave background weak lensing}",
  journal = {\mnras},
archivePrefix = "arXiv",
   eprint = {1401.6018},
 keywords = {gravitational lensing: weak, cosmology: observations, cosmology: theory},
     year = 2014,
    month = sep,
   volume = 443,
    pages = {L119-L123},
      doi = {10.1093/mnrasl/slu094},
   adsurl = {http://adsabs.harvard.edu/abs/2014MNRAS.443L.119H},
  adsnote = {Provided by the SAO/NASA Astrophysics Data System}
}

@ARTICLE{hao09,
   author = {{Hao}, J. and {Koester}, B.~P. and {Mckay}, T.~A. and {Rykoff}, E.~S. and 
    {Rozo}, E. and {Evrard}, A. and {Annis}, J. and {Becker}, M. and 
    {Busha}, M. and {Gerdes}, D. and {Johnston}, D.~E. and {Sheldon}, E. and 
    {Wechsler}, R.~H.},
    title = "{Precision Measurements of the Cluster Red Sequence Using an Error-Corrected 
Gaussian Mixture Model}",
  journal = {\apj},
archivePrefix = "arXiv",
   eprint = {0907.4383},
 primaryClass = "astro-ph.CO",
 keywords = {cosmology: observations, galaxies: clusters: general, methods: data analysis},
     year = 2009,
    month = sep,
   volume = 702,
    pages = {745-758},
      doi = {10.1088/0004-637X/702/1/745},
   adsurl = {http://adsabs.harvard.edu/abs/2009ApJ...702..745H},
  adsnote = {Provided by the SAO/NASA Astrophysics Data System}
}

@ARTICLE{hao11,
   author = {{Hao}, J. and {Kubo}, J.~M. and {Feldmann}, R. and {Annis}, J. and 
    {Johnston}, D.~E. and {Lin}, H. and {McKay}, T.~A.},
    title = "{Intrinsic Alignment of Cluster Galaxies: The Redshift Evolution}",
  journal = {\apj},
archivePrefix = "arXiv",
   eprint = {1103.3500},
 keywords = {galaxies: clusters: general, large-scale structure of universe},
     year = 2011,
    month = oct,
   volume = 740,
      eid = {39},
    pages = {39},
      doi = {10.1088/0004-637X/740/1/39},
   adsurl = {http://adsabs.harvard.edu/abs/2011ApJ...740...39H},
  adsnote = {Provided by the SAO/NASA Astrophysics Data System}
}

@ARTICLE{hawley75,
   author = {{Hawley}, D.~L. and {Peebles}, P.~J.~E.},
    title = "{Distribution of observed orientations of galaxies}",
  journal = {\aj},
 keywords = {Astronomical Catalogs, Astronomical Photography, Galaxies, Anisotropy, Data 
Correlation, Galactic Clusters, Instrument Errors, Random Errors, Sky Surveys (Astronomy), 
Statistical Distributions},
     year = 1975,
    month = jul,
   volume = 80,
    pages = {477-491},
      doi = {10.1086/111768},
   adsurl = {http://adsabs.harvard.edu/abs/1975AJ.....80..477H},
  adsnote = {Provided by the SAO/NASA Astrophysics Data System}
}

@ARTICLE{heymans04,
   author = {{Heymans}, C. and {Brown}, M. and {Heavens}, A. and {Meisenheimer}, K. and 
    {Taylor}, A. and {Wolf}, C.},
    title = "{Weak lensing with COMBO-17: estimation and removal of intrinsic alignments}",
  journal = {\mnras},
   eprint = {astro-ph/0310174},
 keywords = {gravitational lensing, galaxies: formation, cosmology: observations, 
large-scale structure of Universe},
     year = 2004,
    month = jan,
   volume = 347,
    pages = {895-908},
      doi = {10.1111/j.1365-2966.2004.07264.x},
   adsurl = {http://adsabs.harvard.edu/abs/2004MNRAS.347..895H},
  adsnote = {Provided by the SAO/NASA Astrophysics Data System}
}

@ARTICLE{heymans13,
   author = {{Heymans}, C. and {Grocutt}, E. and {Heavens}, A. and {Kilbinger}, M. and 
    {Kitching}, T.~D. and {Simpson}, F. and {Benjamin}, J. and {Erben}, T. and 
    {Hildebrandt}, H. and {Hoekstra}, H. and {Mellier}, Y. and {Miller}, L. and 
    {Van Waerbeke}, L. and {Brown}, M.~L. and {Coupon}, J. and {Fu}, L. and 
    {Harnois-D{\'e}raps}, J. and {Hudson}, M.~J. and {Kuijken}, K. and 
    {Rowe}, B. and {Schrabback}, T. and {Semboloni}, E. and {Vafaei}, S. and 
    {Velander}, M.},
    title = "{CFHTLenS tomographic weak lensing cosmological parameter constraints: 
Mitigating the impact of intrinsic galaxy alignments}",
  journal = {\mnras},
archivePrefix = "arXiv",
   eprint = {1303.1808},
 keywords = {cosmology: observations},
     year = 2013,
    month = jul,
   volume = 432,
    pages = {2433-2453},
      doi = {10.1093/mnras/stt601},
   adsurl = {http://adsabs.harvard.edu/abs/2013MNRAS.432.2433H},
  adsnote = {Provided by the SAO/NASA Astrophysics Data System}
}

@ARTICLE{heymans03,
   author = {{Heymans}, C. and {Heavens}, A.},
    title = "{Weak gravitational lensing: reducing the contamination by intrinsic 
alignments}",
  journal = {\mnras},
   eprint = {astro-ph/0208220},
 keywords = {gravitational lensing, galaxies: formation, cosmology: observations, 
large-scale structure of Universe},
     year = 2003,
    month = mar,
   volume = 339,
    pages = {711-720},
      doi = {10.1046/j.1365-8711.2003.06213.x},
   adsurl = {http://adsabs.harvard.edu/abs/2003MNRAS.339..711H},
  adsnote = {Provided by the SAO/NASA Astrophysics Data System}
}

@ARTICLE{high09,
   author = {{High}, F.~W. and {Stubbs}, C.~W. and {Rest}, A. and {Stalder}, B. and 
    {Challis}, P.},
    title = "{Stellar Locus Regression: Accurate Color Calibration and the Real-Time 
Determination of Galaxy Cluster Photometric Redshifts}",
  journal = {\aj},
archivePrefix = "arXiv",
   eprint = {0903.5302},
 primaryClass = "astro-ph.IM",
 keywords = {galaxies: fundamental parameters, methods: data analysis, stars: fundamental 
parameters, stars: statistics, techniques: photometric},
     year = 2009,
    month = jul,
   volume = 138,
    pages = {110-129},
      doi = {10.1088/0004-6256/138/1/110},
   adsurl = {http://adsabs.harvard.edu/abs/2009AJ....138..110H},
  adsnote = {Provided by the SAO/NASA Astrophysics Data System}
}

@ARTICLE{hill93,
   author = {{Hill}, J.~M. and {Oegerle}, W.~R.},
    title = "{Dynamics of cD clusters of galaxies. I - Redshift data for seven clusters}",
  journal = {\aj},
 keywords = {Elliptical Galaxies, Galactic Clusters, Galactic Evolution, Red Shift, 
Astronomical Spectroscopy, Charge Coupled Devices, Emission Spectra, Interacting Galaxies, 
Radial Velocity},
     year = 1993,
    month = sep,
   volume = 106,
    pages = {831-847},
      doi = {10.1086/116688},
   adsurl = {http://adsabs.harvard.edu/abs/1993AJ....106..831H},
  adsnote = {Provided by the SAO/NASA Astrophysics Data System}
}

@ARTICLE{hirata07,
   author = {{Hirata}, C.~M. and {Mandelbaum}, R. and {Ishak}, M. and {Seljak}, U. and 
    {Nichol}, R. and {Pimbblet}, K.~A. and {Ross}, N.~P. and {Wake}, D.
    },
    title = "{Intrinsic galaxy alignments from the 2SLAQ and SDSS surveys: luminosity and 
redshift scalings and implications for weak lensing surveys}",
  journal = {\mnras},
   eprint = {astro-ph/0701671},
 keywords = {gravitational lensing, cosmology: observations, large-scale structure of 
Universe},
     year = 2007,
    month = nov,
   volume = 381,
    pages = {1197-1218},
      doi = {10.1111/j.1365-2966.2007.12312.x},
   adsurl = {http://adsabs.harvard.edu/abs/2007MNRAS.381.1197H},
  adsnote = {Provided by the SAO/NASA Astrophysics Data System}
}

@ARTICLE{hirata04,
   author = {{Hirata}, C.~M. and {Seljak}, U.},
    title = "{Intrinsic alignment-lensing interference as a contaminant of cosmic shear}",
  journal = {\prd},
   eprint = {astro-ph/0406275},
 keywords = {Observational cosmology, Galactic halos, Gravitational lenses and luminous 
arcs},
     year = 2004,
    month = sep,
   volume = 70,
   number = 6,
      eid = {063526},
    pages = {063526},
      doi = {10.1103/PhysRevD.70.063526},
   adsurl = {http://adsabs.harvard.edu/abs/2004PhRvD..70f3526H},
  adsnote = {Provided by the SAO/NASA Astrophysics Data System}
}

@ARTICLE{hoekstra07,
   author = {{Hoekstra}, H.},
    title = "{A comparison of weak-lensing masses and X-ray properties of galaxy clusters}",
  journal = {\mnras},
archivePrefix = "arXiv",
   eprint = {0705.0358},
 keywords = {gravitational lensing, galaxies: clusters: general, cosmology: observations, 
dark matter},
     year = 2007,
    month = jul,
   volume = 379,
    pages = {317-330},
      doi = {10.1111/j.1365-2966.2007.11951.x},
   adsurl = {http://adsabs.harvard.edu/abs/2007MNRAS.379..317H},
  adsnote = {Provided by the SAO/NASA Astrophysics Data System}
}

@ARTICLE{hoekstra98,
   author = {{Hoekstra}, H. and {Franx}, M. and {Kuijken}, K. and {Squires}, G.
    },
    title = "{Weak Lensing Analysis of CL 1358+62 Using Hubble Space Telescope 
Observations}",
  journal = {\apj},
 keywords = {GALAXIES: CLUSTERS: INDIVIDUAL ALPHANUMERIC: CL 1358+62, GALAXIES: FUNDAMENTAL 
PARAMETERS, COSMOLOGY: GRAVITATIONAL LENSING, galaxies: clusters: individual (Cl 1358 + 62), 
Galaxies: Fundamental Parameters, Cosmology: Gravitational Lensing},
     year = 1998,
    month = sep,
   volume = 504,
    pages = {636-660},
      doi = {10.1086/306102},
   adsurl = {http://adsabs.harvard.edu/abs/1998ApJ...504..636H},
  adsnote = {Provided by the SAO/NASA Astrophysics Data System}
}

@ARTICLE{hoekstra12,
   author = {{Hoekstra}, H. and {Mahdavi}, A. and {Babul}, A. and {Bildfell}, C.
    },
    title = "{The Canadian Cluster Comparison Project: weak lensing masses and SZ scaling 
relations}",
  journal = {\mnras},
archivePrefix = "arXiv",
   eprint = {1208.0606},
 keywords = {gravitational lensing: weak, galaxies: clusters: general, cosmology: 
observations, dark matter},
     year = 2012,
    month = dec,
   volume = 427,
    pages = {1298-1311},
      doi = {10.1111/j.1365-2966.2012.22072.x},
   adsurl = {http://adsabs.harvard.edu/abs/2012MNRAS.427.1298H},
  adsnote = {Provided by the SAO/NASA Astrophysics Data System}
}

@ARTICLE{huchra12,
   author = {{Huchra}, J.~P. and {Macri}, L.~M. and {Masters}, K.~L. and 
    {Jarrett}, T.~H. and {Berlind}, P. and {Calkins}, M. and {Crook}, A.~C. and 
    {Cutri}, R. and {Erdo{\v g}du}, P. and {Falco}, E. and {George}, T. and 
    {Hutcheson}, C.~M. and {Lahav}, O. and {Mader}, J. and {Mink}, J.~D. and 
    {Martimbeau}, N. and {Schneider}, S. and {Skrutskie}, M. and 
    {Tokarz}, S. and {Westover}, M.},
    title = "{The 2MASS Redshift Survey{\mdash}Description and Data Release}",
  journal = {\apjs},
archivePrefix = "arXiv",
   eprint = {1108.0669},
 keywords = {catalogs, galaxies: distances and redshifts, surveys},
     year = 2012,
    month = apr,
   volume = 199,
      eid = {26},
    pages = {26},
      doi = {10.1088/0067-0049/199/2/26},
   adsurl = {http://adsabs.harvard.edu/abs/2012ApJS..199...26H},
  adsnote = {Provided by the SAO/NASA Astrophysics Data System}
}

@ARTICLE{hui02,
   author = {{Hui}, L. and {Zhang}, J.},
    title = "{Intrinsic/Extrinsic Density-Ellipticity Correlations and Galaxy-Galaxy 
Lensing}",
  journal = {ArXiv Astrophysics e-prints},
   eprint = {astro-ph/0205512},
 keywords = {Astrophysics},
     year = 2002,
    month = may,
   adsurl = {http://adsabs.harvard.edu/abs/2002astro.ph..5512H},
  adsnote = {Provided by the SAO/NASA Astrophysics Data System}
}

@ARTICLE{hung12,
   author = {{Hung}, C.-L. and {Ebeling}, H.},
    title = "{Galaxy alignments in very X-ray luminous clusters at z $\gt$ 0.5}",
  journal = {\mnras},
archivePrefix = "arXiv",
   eprint = {1201.2727},
 keywords = {galaxies: clusters: general, galaxies: evolution, galaxies: kinematics and 
dynamics},
     year = 2012,
    month = apr,
   volume = 421,
    pages = {3229-3237},
      doi = {10.1111/j.1365-2966.2012.20546.x},
   adsurl = {http://adsabs.harvard.edu/abs/2012MNRAS.421.3229H},
  adsnote = {Provided by the SAO/NASA Astrophysics Data System}
}

@ARTICLE{jager04,
   author = {{J{\"a}ger}, K. and {Ziegler}, B.~L. and {B{\"o}hm}, A. and 
    {Heidt}, J. and {M{\"o}llenhoff}, C. and {Hopp}, U. and {Mendez}, R.~H. and 
    {Wagner}, S.},
    title = "{Internal kinematics of spiral galaxies in distant clusters.  II. Observations 
and data analysis}",
  journal = {\aap},
   eprint = {astro-ph/0406024},
 keywords = {galaxies: evolution, galaxies: kinematics and dynamics, galaxies: spiral, 
galaxies: clusters: individual: MS 1008.1-1224, galaxies: clusters: individual: Cl 
0303+1706, galaxies: clusters: individual: Cl 0413-6559},
     year = 2004,
    month = aug,
   volume = 422,
    pages = {907-913},
      doi = {10.1051/0004-6361:20035937},
   adsurl = {http://adsabs.harvard.edu/abs/2004A%26A...422..907J},
  adsnote = {Provided by the SAO/NASA Astrophysics Data System}
}

@ARTICLE{jee14_a520,
   author = {{Jee}, M.~J. and {Hoekstra}, H. and {Mahdavi}, A. and {Babul}, A.
    },
    title = "{Hubble Space Telescope/Advanced Camera for Surveys Confirmation of the Dark 
Substructure in A520}",
  journal = {\apj},
archivePrefix = "arXiv",
   eprint = {1401.3356},
 keywords = {cosmology: observations, dark matter, galaxies: clusters: individual: Abell 
520, gravitational lensing: weak, large-scale structure of universe, X-rays: galaxies: 
clusters},
     year = 2014,
    month = mar,
   volume = 783,
      eid = {78},
    pages = {78},
      doi = {10.1088/0004-637X/783/2/78},
   adsurl = {http://adsabs.harvard.edu/abs/2014ApJ...783...78J},
  adsnote = {Provided by the SAO/NASA Astrophysics Data System}
}

@ARTICLE{joachimi10_bridle,
   author = {{Joachimi}, B. and {Bridle}, S.~L.},
    title = "{Simultaneous measurement of cosmology and intrinsic alignments using joint 
cosmic shear and galaxy number density correlations}",
  journal = {\aap},
archivePrefix = "arXiv",
   eprint = {0911.2454},
 keywords = {cosmology: theory, gravitational lensing: weak, large-scale structure of the 
Universe, cosmological parameters, methods: data analysis},
     year = 2010,
    month = nov,
   volume = 523,
      eid = {A1},
    pages = {A1},
      doi = {10.1051/0004-6361/200913657},
   adsurl = {http://adsabs.harvard.edu/abs/2010A%26A...523A...1J},
  adsnote = {Provided by the SAO/NASA Astrophysics Data System}
}

@ARTICLE{joachimi11,
   author = {{Joachimi}, B. and {Mandelbaum}, R. and {Abdalla}, F.~B. and 
    {Bridle}, S.~L.},
    title = "{Constraints on intrinsic alignment contamination of weak lensing surveys using 
the MegaZ-LRG sample}",
  journal = {\aap},
archivePrefix = "arXiv",
   eprint = {1008.3491},
 primaryClass = "astro-ph.CO",
 keywords = {cosmology: observations, gravitational lensing: weak, large-scale structure of 
Universe, cosmological parameters, galaxies: evolution},
     year = 2011,
    month = mar,
   volume = 527,
      eid = {A26},
    pages = {A26},
      doi = {10.1051/0004-6361/201015621},
   adsurl = {http://adsabs.harvard.edu/abs/2011A%26A...527A..26J},
  adsnote = {Provided by the SAO/NASA Astrophysics Data System}
}

@ARTICLE{joachimi08,
   author = {{Joachimi}, B. and {Schneider}, P.},
    title = "{The removal of shear-ellipticity correlations from the cosmic shear signal via 
nulling techniques}",
  journal = {\aap},
archivePrefix = "arXiv",
   eprint = {0804.2292},
 keywords = {cosmology: theory, gravitational lensing, cosmology: large-scale structure of 
Universe, cosmology: cosmological parameters, methods: data analysis},
     year = 2008,
    month = sep,
   volume = 488,
    pages = {829-843},
      doi = {10.1051/0004-6361:200809971},
   adsurl = {http://adsabs.harvard.edu/abs/2008A%26A...488..829J},
  adsnote = {Provided by the SAO/NASA Astrophysics Data System}
}

@ARTICLE{joachimi10_boost,
   author = {{Joachimi}, B. and {Schneider}, P.},
    title = "{Intrinsic alignment boosting. Direct measurement of intrinsic alignments in 
cosmic shear data}",
  journal = {\aap},
archivePrefix = "arXiv",
   eprint = {1003.4211},
 primaryClass = "astro-ph.CO",
 keywords = {cosmology: theory, gravitational lensing: weak, large-scale structure of 
Universe, cosmological parameters, methods: data analysis},
     year = 2010,
    month = jul,
   volume = 517,
      eid = {A4},
    pages = {A4},
      doi = {10.1051/0004-6361/201014482},
   adsurl = {http://adsabs.harvard.edu/abs/2010A%26A...517A...4J},
  adsnote = {Provided by the SAO/NASA Astrophysics Data System}
}

@ARTICLE{joachimi13_cosmos,
   author = {{Joachimi}, B. and {Semboloni}, E. and {Bett}, P.~E. and {Hartlap}, J. and 
    {Hilbert}, S. and {Hoekstra}, H. and {Schneider}, P. and {Schrabback}, T.
    },
    title = "{Intrinsic galaxy shapes and alignments - I. Measuring and modelling COSMOS 
intrinsic galaxy ellipticities}",
  journal = {\mnras},
archivePrefix = "arXiv",
   eprint = {1203.6833},
 primaryClass = "astro-ph.CO",
 keywords = {gravitational lensing: weak, methods: data analysis, methods: numerical, 
galaxies: evolution, cosmology: observations, large-scale structure of Universe},
     year = 2013,
    month = may,
   volume = 431,
    pages = {477-492},
      doi = {10.1093/mnras/stt172},
   adsurl = {http://adsabs.harvard.edu/abs/2013MNRAS.431..477J},
  adsnote = {Provided by the SAO/NASA Astrophysics Data System}
}

@ARTICLE{joachimi13_contam,
   author = {{Joachimi}, B. and {Semboloni}, E. and {Hilbert}, S. and {Bett}, P.~E. and 
    {Hartlap}, J. and {Hoekstra}, H. and {Schneider}, P.},
    title = "{Intrinsic galaxy shapes and alignments - II. Modelling the intrinsic alignment 
contamination of weak lensing surveys}",
  journal = {\mnras},
archivePrefix = "arXiv",
   eprint = {1305.5791},
 primaryClass = "astro-ph.CO",
 keywords = {gravitational lensing: weak, methods: numerical, methods: statistical, 
galaxies: evolution, cosmology: observations, large-scale structure of Universe},
     year = 2013,
    month = nov,
   volume = 436,
    pages = {819-838},
      doi = {10.1093/mnras/stt1618},
   adsurl = {http://adsabs.harvard.edu/abs/2013MNRAS.436..819J},
  adsnote = {Provided by the SAO/NASA Astrophysics Data System}
}

@ARTICLE{kaiser92,
   author = {{Kaiser}, N.},
    title = "{Weak gravitational lensing of distant galaxies}",
  journal = {\apj},
 keywords = {Galactic Clusters, Galactic Structure, Gravitational Lenses, Mass Distribution, 
Power Spectra, Quasars, Spatial Distribution, Universe},
     year = 1992,
    month = apr,
   volume = 388,
    pages = {272-286},
      doi = {10.1086/171151},
   adsurl = {http://adsabs.harvard.edu/abs/1992ApJ...388..272K},
  adsnote = {Provided by the SAO/NASA Astrophysics Data System}
}

@ARTICLE{kaiser95,
   author = {{Kaiser}, N. and {Squires}, G. and {Broadhurst}, T.},
    title = "{A Method for Weak Lensing Observations}",
  journal = {\apj},
   eprint = {astro-ph/9411005},
 keywords = {COSMOLOGY: OBSERVATIONS, COSMOLOGY: DARK MATTER, GALAXIES: FORMATION, 
COSMOLOGY: GRAVITATIONAL LENSING, COSMOLOGY: LARGE-SCALE STRUCTURE OF UNIVERSE},
     year = 1995,
    month = aug,
   volume = 449,
    pages = {460},
      doi = {10.1086/176071},
   adsurl = {http://adsabs.harvard.edu/abs/1995ApJ...449..460K},
  adsnote = {Provided by the SAO/NASA Astrophysics Data System}
}

@ARTICLE{kelly14,
   author = {{Kelly}, P.~L. and {von der Linden}, A. and {Applegate}, D.~E. and 
    {Allen}, M.~T. and {Allen}, S.~W. and {Burchat}, P.~R. and {Burke}, D.~L. and 
    {Ebeling}, H. and {Capak}, P. and {Czoske}, O. and {Donovan}, D. and 
    {Mantz}, A. and {Morris}, R.~G.},
    title = "{Weighing the Giants - II. Improved calibration of photometry from stellar 
colours and accurate photometric redshifts}",
  journal = {\mnras},
archivePrefix = "arXiv",
   eprint = {1208.0602},
 keywords = {gravitational lensing: weak, methods: observational, techniques: photometric},
     year = 2014,
    month = mar,
   volume = 439,
    pages = {28-47},
      doi = {10.1093/mnras/stt1946},
   adsurl = {http://adsabs.harvard.edu/abs/2014MNRAS.439...28K},
  adsnote = {Provided by the SAO/NASA Astrophysics Data System}
}

@ARTICLE{king05,
   author = {{King}, L.~J.},
    title = "{Cosmic shear as a tool for precision cosmology: minimising intrinsic galaxy 
alignment-lensing interference}",
  journal = {\aap},
   eprint = {astro-ph/0506441},
 keywords = {gravitational lensing, cosmology: cosmological parameters},
     year = 2005,
    month = oct,
   volume = 441,
    pages = {47-53},
      doi = {10.1051/0004-6361:20053330},
   adsurl = {http://adsabs.harvard.edu/abs/2005A%26A...441...47K},
  adsnote = {Provided by the SAO/NASA Astrophysics Data System}
}

@ARTICLE{king02,
   author = {{King}, L. and {Schneider}, P.},
    title = "{Suppressing the contribution of intrinsic galaxy alignments to the shear 
two-point correlation function}",
  journal = {\aap},
   eprint = {astro-ph/0208256},
 keywords = {cosmology: dark matter, cosmology: gravitational lensing},
     year = 2002,
    month = dec,
   volume = 396,
    pages = {411-418},
      doi = {10.1051/0004-6361:20021372},
   adsurl = {http://adsabs.harvard.edu/abs/2002A%26A...396..411K},
  adsnote = {Provided by the SAO/NASA Astrophysics Data System}
}

@ARTICLE{kirk10,
   author = {{Kirk}, D. and {Bridle}, S. and {Schneider}, M.},
    title = "{The impact of intrinsic alignments: cosmological constraints from a joint 
analysis of cosmic shear and galaxy survey data}",
  journal = {\mnras},
archivePrefix = "arXiv",
   eprint = {1001.3787},
 keywords = {gravitational lensing: weak, galaxies: evolution, cosmology: observations, 
large-scale structure of Universe},
     year = 2010,
    month = nov,
   volume = 408,
    pages = {1502-1515},
      doi = {10.1111/j.1365-2966.2010.17213.x},
   adsurl = {http://adsabs.harvard.edu/abs/2010MNRAS.408.1502K},
  adsnote = {Provided by the SAO/NASA Astrophysics Data System}
}

@ARTICLE{kirk12,
   author = {{Kirk}, D. and {Rassat}, A. and {Host}, O. and {Bridle}, S.},
    title = "{The cosmological impact of intrinsic alignment model choice for cosmic 
shear}",
  journal = {\mnras},
archivePrefix = "arXiv",
   eprint = {1112.4752},
 keywords = {galaxies: evolution, cosmology: observations, large-scale structure of Universe 
},
     year = 2012,
    month = aug,
   volume = 424,
    pages = {1647-1657},
      doi = {10.1111/j.1365-2966.2012.21099.x},
   adsurl = {http://adsabs.harvard.edu/abs/2012MNRAS.424.1647K},
  adsnote = {Provided by the SAO/NASA Astrophysics Data System}
}

@ARTICLE{kitching13,
   author = {{Kitching}, T.~D. and {Rowe}, B. and {Gill}, M. and {Heymans}, C. and 
    {Massey}, R. and {Witherick}, D. and {Courbin}, F. and {Georgatzis}, K. and 
    {Gentile}, M. and {Gruen}, D. and {Kilbinger}, M. and {Li}, G.~L. and 
    {Mariglis}, A.~P. and {Meylan}, G. and {Storkey}, A. and {Xin}, B.
    },
    title = "{Image Analysis for Cosmology: Results from the GREAT10 Star Challenge}",
  journal = {\apjs},
archivePrefix = "arXiv",
   eprint = {1210.1979},
 primaryClass = "astro-ph.IM",
 keywords = {atmospheric effects, cosmology: observations, methods: data analysis, 
techniques: image processing},
     year = 2013,
    month = apr,
   volume = 205,
      eid = {12},
    pages = {12},
      doi = {10.1088/0067-0049/205/2/12},
   adsurl = {http://adsabs.harvard.edu/abs/2013ApJS..205...12K},
  adsnote = {Provided by the SAO/NASA Astrophysics Data System}
}

@ARTICLE{kuijken08,
   author = {{Kuijken}, K.},
    title = "{GaaP: PSF- and aperture-matched photometry using shapelets}",
  journal = {\aap},
   eprint = {astro-ph/0610606},
 keywords = {techniques: image processing, methods: data analysis, techniques: photometric, 
galaxies: fundamental parameters},
     year = 2008,
    month = may,
   volume = 482,
    pages = {1053-1067},
      doi = {10.1051/0004-6361:20066601},
   adsurl = {http://adsabs.harvard.edu/abs/2008A%26A...482.1053K},
  adsnote = {Provided by the SAO/NASA Astrophysics Data System}
}

@ARTICLE{liang00,
   author = {{Liang}, H. and {L{\'e}monon}, L. and {Valtchanov}, I. and {Pierre}, M. and 
    {Soucail}, G.},
    title = "{Probing the gravitational potential of a nearby lensing cluster Abell 2104}",
  journal = {\aap},
   eprint = {astro-ph/0010297},
 keywords = {GALAXIES: CLUSTERS: GENERAL, GALAXIES: CLUSTERS: INDIVIDUAL: A 2104, COSMOLOGY: 
DARK MATTER, COSMOLOGY: GRAVITATIONAL LENSING},
     year = 2000,
    month = nov,
   volume = 363,
    pages = {440-450},
   adsurl = {http://adsabs.harvard.edu/abs/2000A%26A...363..440L},
  adsnote = {Provided by the SAO/NASA Astrophysics Data System}
}

@ARTICLE{limber53,
   author = {{Limber}, D.~N.},
    title = "{The Analysis of Counts of the Extragalactic Nebulae in Terms of a Fluctuating 
Density Field.}",
  journal = {\apj},
     year = 1953,
    month = jan,
   volume = 117,
    pages = {134},
      doi = {10.1086/145672},
   adsurl = {http://adsabs.harvard.edu/abs/1953ApJ...117..134L},
  adsnote = {Provided by the SAO/NASA Astrophysics Data System}
}

@ARTICLE{lin04,
   author = {{Lin}, Y.-T. and {Mohr}, J.~J.},
    title = "{K-band Properties of Galaxy Clusters and Groups: Brightest Cluster Galaxies 
and Intracluster Light}",
  journal = {\apj},
   eprint = {astro-ph/0408557},
 keywords = {Cosmology: Observations, Galaxies: Clusters: General, Galaxies: Elliptical and 
Lenticular, cD, Infrared: Galaxies},
     year = 2004,
    month = dec,
   volume = 617,
    pages = {879-895},
      doi = {10.1086/425412},
   adsurl = {http://adsabs.harvard.edu/abs/2004ApJ...617..879L},
  adsnote = {Provided by the SAO/NASA Astrophysics Data System}
}

@ARTICLE{luppino97,
   author = {{Luppino}, G.~A. and {Kaiser}, N.},
    title = "{Detection of Weak Lensing by a Cluster of Galaxies at z = 0.83}",
  journal = {\apj},
   eprint = {astro-ph/9601194},
 keywords = {Galaxies: Clusters: Individual: Alphanumeric: MS 1054-03, Galaxies: Distances 
and Redshifts, Galaxies: Photometry, Cosmology: Gravitational Lensing},
     year = 1997,
    month = jan,
   volume = 475,
    pages = {20-28},
   adsurl = {http://adsabs.harvard.edu/abs/1997ApJ...475...20L},
  adsnote = {Provided by the SAO/NASA Astrophysics Data System}
}

@ARTICLE{magnier04,
   author = {{Magnier}, E.~A. and {Cuillandre}, J.-C.},
    title = "{The Elixir System: Data Characterization and Calibration at the 
Canada-France-Hawaii Telescope}",
  journal = {\pasp},
 keywords = {Techniques: Image Processing, astronomical databases: miscellaneous},
     year = 2004,
    month = may,
   volume = 116,
    pages = {449-464},
      doi = {10.1086/420756},
   adsurl = {http://adsabs.harvard.edu/abs/2004PASP..116..449M},
  adsnote = {Provided by the SAO/NASA Astrophysics Data System}
}

@ARTICLE{mahdavi13,
   author = {{Mahdavi}, A. and {Hoekstra}, H. and {Babul}, A. and {Bildfell}, C. and 
    {Jeltema}, T. and {Henry}, J.~P.},
    title = "{Joint Analysis of Cluster Observations. II. Chandra/XMM-Newton X-Ray and Weak 
Lensing Scaling Relations for a Sample of 50 Rich Clusters of Galaxies}",
  journal = {\apj},
archivePrefix = "arXiv",
   eprint = {1210.3689},
 keywords = {galaxies: clusters: general, galaxies: clusters: intracluster medium, 
gravitational lensing: weak, X-rays: galaxies: clusters},
     year = 2013,
    month = apr,
   volume = 767,
      eid = {116},
    pages = {116},
      doi = {10.1088/0004-637X/767/2/116},
   adsurl = {http://adsabs.harvard.edu/abs/2013ApJ...767..116M},
  adsnote = {Provided by the SAO/NASA Astrophysics Data System}
}

@ARTICLE{mamon10,
   author = {{Mamon}, G.~A. and {Biviano}, A. and {Murante}, G.},
    title = "{The universal distribution of halo interlopers in projected phase space. Bias 
in galaxy cluster concentration and velocity anisotropy?}",
  journal = {\aap},
archivePrefix = "arXiv",
   eprint = {1003.0033},
 primaryClass = "astro-ph.CO",
 keywords = {galaxies: clusters: general, cosmology: miscellaneous, dark matter, galaxies: 
halos, gravitational lensing:, weak, methods: numerical},
     year = 2010,
    month = sep,
   volume = 520,
      eid = {A30},
    pages = {A30},
      doi = {10.1051/0004-6361/200913948},
   adsurl = {http://adsabs.harvard.edu/abs/2010A%26A...520A..30M},
  adsnote = {Provided by the SAO/NASA Astrophysics Data System}
}

@ARTICLE{mancone12,
   author = {{Mancone}, C.~L. and {Gonzalez}, A.~H.},
    title = "{EzGal: A Flexible Interface for Stellar Population Synthesis Models}",
  journal = {\pasp},
archivePrefix = "arXiv",
   eprint = {1205.0009},
 primaryClass = "astro-ph.IM",
     year = 2012,
    month = jun,
   volume = 124,
    pages = {606-615},
      doi = {10.1086/666502},
   adsurl = {http://adsabs.harvard.edu/abs/2012PASP..124..606M},
  adsnote = {Provided by the SAO/NASA Astrophysics Data System}
}

@ARTICLE{mandelbaum11,
   author = {{Mandelbaum}, R. and {Blake}, C. and {Bridle}, S. and {Abdalla}, F.~B. and 
    {Brough}, S. and {Colless}, M. and {Couch}, W. and {Croom}, S. and 
    {Davis}, T. and {Drinkwater}, M.~J. and {Forster}, K. and {Glazebrook}, K. and 
    {Jelliffe}, B. and {Jurek}, R.~J. and {Li}, I.-H. and {Madore}, B. and 
    {Martin}, C. and {Pimbblet}, K. and {Poole}, G.~B. and {Pracy}, M. and 
    {Sharp}, R. and {Wisnioski}, E. and {Woods}, D. and {Wyder}, T.
    },
    title = "{The WiggleZ Dark Energy Survey: direct constraints on blue galaxy intrinsic 
alignments at intermediate redshifts}",
  journal = {\mnras},
archivePrefix = "arXiv",
   eprint = {0911.5347},
 keywords = {gravitational lensing: weak, galaxies: evolution, cosmology: observations, 
large-scale structure of Universe},
     year = 2011,
    month = jan,
   volume = 410,
    pages = {844-859},
      doi = {10.1111/j.1365-2966.2010.17485.x},
   adsurl = {http://adsabs.harvard.edu/abs/2011MNRAS.410..844M},
  adsnote = {Provided by the SAO/NASA Astrophysics Data System}
}

@ARTICLE{mandelbaum06_ia,
   author = {{Mandelbaum}, R. and {Hirata}, C.~M. and {Ishak}, M. and {Seljak}, U. and 
    {Brinkmann}, J.},
    title = "{Detection of large-scale intrinsic ellipticity-density correlation from the 
Sloan Digital Sky Survey and implications for weak lensing surveys}",
  journal = {\mnras},
   eprint = {astro-ph/0509026},
 keywords = {gravitational lensing, cosmology: observations, large-scale structure of 
Universe},
     year = 2006,
    month = apr,
   volume = 367,
    pages = {611-626},
      doi = {10.1111/j.1365-2966.2005.09946.x},
   adsurl = {http://adsabs.harvard.edu/abs/2006MNRAS.367..611M},
  adsnote = {Provided by the SAO/NASA Astrophysics Data System}
}

@ARTICLE{mandelbaum05_errors,
   author = {{Mandelbaum}, R. and {Hirata}, C.~M. and {Seljak}, U. and {Guzik}, J. and 
    {Padmanabhan}, N. and {Blake}, C. and {Blanton}, M.~R. and {Lupton}, R. and 
    {Brinkmann}, J.},
    title = "{Systematic errors in weak lensing: application to SDSS galaxy-galaxy weak 
lensing}",
  journal = {\mnras},
   eprint = {astro-ph/0501201},
 keywords = {gravitational lensing, galaxies: distances and redshifts, galaxies: halos},
     year = 2005,
    month = aug,
   volume = 361,
    pages = {1287-1322},
      doi = {10.1111/j.1365-2966.2005.09282.x},
   adsurl = {http://adsabs.harvard.edu/abs/2005MNRAS.361.1287M},
  adsnote = {Provided by the SAO/NASA Astrophysics Data System}
}

@ARTICLE{martini07,
   author = {{Martini}, P. and {Mulchaey}, J.~S. and {Kelson}, D.~D.},
    title = "{The Distribution of Active Galactic Nuclei in Clusters of Galaxies}",
  journal = {\apj},
archivePrefix = "arXiv",
   eprint = {0704.3455},
 keywords = {Galaxies: Active, Galaxies: Clusters: General, Galaxies: Evolution, X-Rays: 
Galaxies, X-Rays: Galaxies: Clusters, X-Rays: General},
     year = 2007,
    month = aug,
   volume = 664,
    pages = {761-776},
      doi = {10.1086/519158},
   adsurl = {http://adsabs.harvard.edu/abs/2007ApJ...664..761M},
  adsnote = {Provided by the SAO/NASA Astrophysics Data System}
}

@ARTICLE{massey07,
   author = {{Massey}, R. and {Heymans}, C. and {Berg{\'e}}, J. and {Bernstein}, G. and 
    {Bridle}, S. and {Clowe}, D. and {Dahle}, H. and {Ellis}, R. and 
    {Erben}, T. and {Hetterscheidt}, M. and {High}, F.~W. and {Hirata}, C. and 
    {Hoekstra}, H. and {Hudelot}, P. and {Jarvis}, M. and {Johnston}, D. and 
    {Kuijken}, K. and {Margoniner}, V. and {Mandelbaum}, R. and 
    {Mellier}, Y. and {Nakajima}, R. and {Paulin-Henriksson}, S. and 
    {Peeples}, M. and {Roat}, C. and {Refregier}, A. and {Rhodes}, J. and 
    {Schrabback}, T. and {Schirmer}, M. and {Seljak}, U. and {Semboloni}, E. and 
    {van Waerbeke}, L.},
    title = "{The Shear Testing Programme 2: Factors affecting high-precision weak-lensing 
analyses}",
  journal = {\mnras},
   eprint = {astro-ph/0608643},
 keywords = {gravitational lensing, methods: data analysis, cosmology: observations},
     year = 2007,
    month = mar,
   volume = 376,
    pages = {13-38},
      doi = {10.1111/j.1365-2966.2006.11315.x},
   adsurl = {http://adsabs.harvard.edu/abs/2007MNRAS.376...13M},
  adsnote = {Provided by the SAO/NASA Astrophysics Data System}
}

@ARTICLE{maurogordato08,
   author = {{Maurogordato}, S. and {Cappi}, A. and {Ferrari}, C. and {Benoist}, C. and 
    {Mars}, G. and {Soucail}, G. and {Arnaud}, M. and {Pratt}, G.~W. and 
    {Bourdin}, H. and {Sauvageot}, J.-L.},
    title = "{A 2163: Merger events in the hottest Abell galaxy cluster. I. Dynamical 
analysis from optical data}",
  journal = {\aap},
archivePrefix = "arXiv",
   eprint = {0712.2715},
 keywords = {galaxies: clusters: general, galaxies: kinematics and dynamics, galaxies 
clusters: individual: A 2163},
     year = 2008,
    month = apr,
   volume = 481,
    pages = {593-613},
      doi = {10.1051/0004-6361:20077614},
   adsurl = {http://adsabs.harvard.edu/abs/2008A%26A...481..593M},
  adsnote = {Provided by the SAO/NASA Astrophysics Data System}
}

@ARTICLE{maurogordato11,
   author = {{Maurogordato}, S. and {Sauvageot}, J.~L. and {Bourdin}, H. and 
    {Cappi}, A. and {Benoist}, C. and {Ferrari}, C. and {Mars}, G. and 
    {Houairi}, K.},
    title = "{Merging history of three bimodal clusters}",
  journal = {\aap},
archivePrefix = "arXiv",
   eprint = {1009.1967},
 keywords = {X-rays: galaxies: clusters, galaxies: clusters: intracluster medium, galaxies: 
clusters: individual: Abell 2384, galaxies: clusters: individual:, Abell 2440, galaxies: 
clusters: individual: Abell 2933},
     year = 2011,
    month = jan,
   volume = 525,
      eid = {A79},
    pages = {A79},
      doi = {10.1051/0004-6361/201014415},
   adsurl = {http://adsabs.harvard.edu/abs/2011A%26A...525A..79M},
  adsnote = {Provided by the SAO/NASA Astrophysics Data System}
}

@ARTICLE{melchior12,
   author = {{Melchior}, P. and {Viola}, M.},
    title = "{Means of confusion: how pixel noise affects shear estimates for weak 
gravitational lensing}",
  journal = {\mnras},
archivePrefix = "arXiv",
   eprint = {1204.5147},
 primaryClass = "astro-ph.IM",
 keywords = {gravitational lensing: weak, techniques: image processing },
     year = 2012,
    month = aug,
   volume = 424,
    pages = {2757-2769},
      doi = {10.1111/j.1365-2966.2012.21381.x},
   adsurl = {http://adsabs.harvard.edu/abs/2012MNRAS.424.2757M},
  adsnote = {Provided by the SAO/NASA Astrophysics Data System}
}

@ARTICLE{menanteau12,
   author = {{Menanteau}, F. and {Hughes}, J.~P. and {Sif{\'o}n}, C. and 
    {Hilton}, M. and {Gonz{\'a}lez}, J. and {Infante}, L. and {Barrientos}, L.~F. and 
    {Baker}, A.~J. and {Bond}, J.~R. and {Das}, S. and {Devlin}, M.~J. and 
    {Dunkley}, J. and {Hajian}, A. and {Hincks}, A.~D. and {Kosowsky}, A. and 
    {Marsden}, D. and {Marriage}, T.~A. and {Moodley}, K. and {Niemack}, M.~D. and 
    {Nolta}, M.~R. and {Page}, L.~A. and {Reese}, E.~D. and {Sehgal}, N. and 
    {Sievers}, J. and {Spergel}, D.~N. and {Staggs}, S.~T. and {Wollack}, E.
    },
    title = "{The Atacama Cosmology Telescope: ACT-CL J0102-4915 ''El Gordo,'' a Massive 
Merging Cluster at Redshift 0.87}",
  journal = {\apj},
archivePrefix = "arXiv",
   eprint = {1109.0953},
 keywords = {cosmic background radiation, cosmology: observations, galaxies: clusters: 
general, galaxies: clusters: individual: ACT-CL J0102{\ndash}4915},
     year = 2012,
    month = mar,
   volume = 748,
      eid = {7},
    pages = {7},
      doi = {10.1088/0004-637X/748/1/7},
   adsurl = {http://adsabs.harvard.edu/abs/2012ApJ...748....7M},
  adsnote = {Provided by the SAO/NASA Astrophysics Data System}
}

@ARTICLE{mercurio03,
   author = {{Mercurio}, A. and {Girardi}, M. and {Boschin}, W. and {Merluzzi}, P. and 
    {Busarello}, G.},
    title = "{Structure and evolution of galaxy clusters: Internal dynamics of ABCG 209 at 
z; \~{} 0.21}",
  journal = {\aap},
   eprint = {astro-ph/0209536},
 keywords = {galaxies: clusters: general, galaxies: clusters: individual: ABCG 209, 
galaxies: distances and redshifts},
     year = 2003,
    month = jan,
   volume = 397,
    pages = {431-443},
      doi = {10.1051/0004-6361:20021495},
   adsurl = {http://adsabs.harvard.edu/abs/2003A%26A...397..431M},
  adsnote = {Provided by the SAO/NASA Astrophysics Data System}
}

@ARTICLE{miller06,
   author = {{Miller}, N.~A. and {Oegerle}, W.~R. and {Hill}, J.~M.},
    title = "{Abell 2111: An Optical and Radio Study of the Richest Butcher-Oemler 
Cluster}",
  journal = {\aj},
   eprint = {astro-ph/0602080},
 keywords = {Galaxies: Clusters: General, galaxies: clusters: individual (Abell 2111), 
Galaxies: Evolution, Radio Continuum: Galaxies},
     year = 2006,
    month = may,
   volume = 131,
    pages = {2426-2441},
      doi = {10.1086/503254},
   adsurl = {http://adsabs.harvard.edu/abs/2006AJ....131.2426M},
  adsnote = {Provided by the SAO/NASA Astrophysics Data System}
}

@ARTICLE{miller04,
   author = {{Miller}, N.~A. and {Owen}, F.~N. and {Hill}, J.~M. and {Keel}, W.~C. and 
    {Ledlow}, M.~J. and {Oegerle}, W.~R.},
    title = "{The Dynamics of A2125}",
  journal = {\apj},
   eprint = {astro-ph/0406292},
 keywords = {Galaxies: Clusters: Individual: Alphanumeric: A2125, Galaxies: Evolution, 
Galaxies: Kinematics and Dynamics},
     year = 2004,
    month = oct,
   volume = 613,
    pages = {841-850},
      doi = {10.1086/423230},
   adsurl = {http://adsabs.harvard.edu/abs/2004ApJ...613..841M},
  adsnote = {Provided by the SAO/NASA Astrophysics Data System}
}

@ARTICLE{niederste10,
   author = {{Niederste-Ostholt}, M. and {Strauss}, M.~A. and {Dong}, F. and 
    {Koester}, B.~P. and {McKay}, T.~A.},
    title = "{Alignment of brightest cluster galaxies with their host clusters}",
  journal = {\mnras},
archivePrefix = "arXiv",
   eprint = {1003.0322},
 keywords = {galaxies: clusters: general, cosmology: observations},
     year = 2010,
    month = jul,
   volume = 405,
    pages = {2023-2036},
      doi = {10.1111/j.1365-2966.2010.16597.x},
   adsurl = {http://adsabs.harvard.edu/abs/2010MNRAS.405.2023N},
  adsnote = {Provided by the SAO/NASA Astrophysics Data System}
}

@ARTICLE{oegerle95,
   author = {{Oegerle}, W.~R. and {Hill}, J.~M. and {Fitchett}, M.~J.},
    title = "{Observations of High Dispersion Clusters of Galaxies: Constraints on Cold Dark 
Matter}",
  journal = {\aj},
 keywords = {DARK MATTER, GALAXIES: CLUSTERING, GALAXIES: EVOLUTION},
     year = 1995,
    month = jul,
   volume = 110,
    pages = {32},
      doi = {10.1086/117495},
   adsurl = {http://adsabs.harvard.edu/abs/1995AJ....110...32O},
  adsnote = {Provided by the SAO/NASA Astrophysics Data System}
}

@ARTICLE{okumura09,
   author = {{Okumura}, T. and {Jing}, Y.~P. and {Li}, C.},
    title = "{Intrinsic Ellipticity Correlation of SDSS Luminous Red Galaxies and 
Misalignment with Their Host Dark Matter Halos}",
  journal = {\apj},
archivePrefix = "arXiv",
   eprint = {0809.3790},
 keywords = {cosmology: observations, galaxies: elliptical and lenticular, cD, galaxies: 
formation, galaxies: halos, large-scale structure of universe, methods: statistical},
     year = 2009,
    month = mar,
   volume = 694,
    pages = {214-221},
      doi = {10.1088/0004-637X/694/1/214},
   adsurl = {http://adsabs.harvard.edu/abs/2009ApJ...694..214O},
  adsnote = {Provided by the SAO/NASA Astrophysics Data System}
}

@ARTICLE{owers11,
   author = {{Owers}, M.~S. and {Nulsen}, P.~E.~J. and {Couch}, W.~J.},
    title = "{Minor Merger-induced Cold Fronts in Abell 2142 and RXJ1720.1+2638}",
  journal = {\apj},
archivePrefix = "arXiv",
   eprint = {1109.5692},
 keywords = {galaxies: clusters: individual: Abell 2142 RXJ1720.1+2638, X-rays: galaxies: 
clusters},
     year = 2011,
    month = nov,
   volume = 741,
      eid = {122},
    pages = {122},
      doi = {10.1088/0004-637X/741/2/122},
   adsurl = {http://adsabs.harvard.edu/abs/2011ApJ...741..122O},
  adsnote = {Provided by the SAO/NASA Astrophysics Data System}
}

@ARTICLE{panko09,
   author = {{Panko}, E. and {Juszczyk}, T. and {Flin}, P.},
    title = "{Orientation of Brighter Galaxies in Nearby Galaxy Clusters}",
  journal = {\aj},
 keywords = {galaxies: clusters: general, galaxies: evolution, galaxies: formation},
     year = 2009,
    month = dec,
   volume = 138,
    pages = {1709-1713},
      doi = {10.1088/0004-6256/138/6/1709},
   adsurl = {http://adsabs.harvard.edu/abs/2009AJ....138.1709P},
  adsnote = {Provided by the SAO/NASA Astrophysics Data System}
}

@ARTICLE{pen00,
   author = {{Pen}, U.-L. and {Lee}, J. and {Seljak}, U.},
    title = "{Tentative Detection of Galaxy Spin Correlations in the Tully Catalog}",
  journal = {\apjl},
   eprint = {astro-ph/0006118},
 keywords = {Galaxies: Statistics, Cosmology: Large-Scale Structure of Universe},
     year = 2000,
    month = nov,
   volume = 543,
    pages = {L107-L110},
      doi = {10.1086/317273},
   adsurl = {http://adsabs.harvard.edu/abs/2000ApJ...543L.107P},
  adsnote = {Provided by the SAO/NASA Astrophysics Data System}
}

@ARTICLE{peng02,
   author = {{Peng}, C.~Y. and {Ho}, L.~C. and {Impey}, C.~D. and {Rix}, H.-W.
    },
    title = "{Detailed Structural Decomposition of Galaxy Images}",
  journal = {\aj},
   eprint = {astro-ph/0204182},
 keywords = {Galaxies: Bulges, Galaxies: Fundamental Parameters, Galaxies: Nuclei, Galaxies: 
Structure, Techniques: Image Processing, Techniques: Photometric},
     year = 2002,
    month = jul,
   volume = 124,
    pages = {266-293},
      doi = {10.1086/340952},
   adsurl = {http://adsabs.harvard.edu/abs/2002AJ....124..266P},
  adsnote = {Provided by the SAO/NASA Astrophysics Data System}
}

@ARTICLE{pereira10,
   author = {{Pereira}, M.~J. and {Bryan}, G.~L.},
    title = "{Tidal Torquing of Elliptical Galaxies in Cluster Environments}",
  journal = {\apj},
archivePrefix = "arXiv",
   eprint = {1009.4191},
 primaryClass = "astro-ph.CO",
 keywords = {galaxies: clusters: general, galaxies: evolution, galaxies: kinematics and 
dynamics, methods: numerical},
     year = 2010,
    month = oct,
   volume = 721,
    pages = {939-955},
      doi = {10.1088/0004-637X/721/2/939},
   adsurl = {http://adsabs.harvard.edu/abs/2010ApJ...721..939P},
  adsnote = {Provided by the SAO/NASA Astrophysics Data System}
}

@ARTICLE{pereira08,
   author = {{Pereira}, M.~J. and {Bryan}, G.~L. and {Gill}, S.~P.~D.},
    title = "{Radial Alignment in Simulated Clusters}",
  journal = {\apj},
archivePrefix = "arXiv",
   eprint = {0707.1702},
 keywords = {galaxies: clusters: general, galaxies: kinematics and dynamics, methods: N-body 
simulations },
     year = 2008,
    month = jan,
   volume = 672,
      eid = {825-833},
    pages = {825-833},
      doi = {10.1086/523830},
   adsurl = {http://adsabs.harvard.edu/abs/2008ApJ...672..825P},
  adsnote = {Provided by the SAO/NASA Astrophysics Data System}
}

@ARTICLE{pereira05,
   author = {{Pereira}, M.~J. and {Kuhn}, J.~R.},
    title = "{Radial Alignment of Cluster Galaxies}",
  journal = {\apjl},
   eprint = {astro-ph/0411710},
 keywords = {Galaxies: Elliptical and Lenticular, cD, Galaxies: Kinematics and Dynamics, 
Galaxy: Evolution},
     year = 2005,
    month = jul,
   volume = 627,
    pages = {L21-L24},
      doi = {10.1086/432089},
   adsurl = {http://adsabs.harvard.edu/abs/2005ApJ...627L..21P},
  adsnote = {Provided by the SAO/NASA Astrophysics Data System}
}

@ARTICLE{pimbblet06,
   author = {{Pimbblet}, K.~A. and {Smail}, I. and {Edge}, A.~C. and {O'Hely}, E. and 
    {Couch}, W.~J. and {Zabludoff}, A.~I.},
    title = "{The Las Campanas/Anglo-Australian Telescope Rich Cluster Survey - III. 
Spectroscopic studies of X-ray bright galaxy clusters at z\~{} 0.1}",
  journal = {\mnras},
   eprint = {astro-ph/0511667},
 keywords = {catalogues, surveys, galaxies: clusters: general, galaxies: evolution, 
cosmology: observations},
     year = 2006,
    month = feb,
   volume = 366,
    pages = {645-666},
      doi = {10.1111/j.1365-2966.2005.09892.x},
   adsurl = {http://adsabs.harvard.edu/abs/2006MNRAS.366..645P},
  adsnote = {Provided by the SAO/NASA Astrophysics Data System}
}

@ARTICLE{pinkney96,
   author = {{Pinkney}, J. and {Roettiger}, K. and {Burns}, J.~O. and {Bird}, C.~M.
    },
    title = "{Evaluation of Statistical Tests for Substructure in Clusters of Galaxies}",
  journal = {\apjs},
 keywords = {GALAXIES: CLUSTERS: GENERAL, GALAXIES: DISTANCES AND REDSHIFTS, GALAXIES: 
INTERACTIONS, METHODS: NUMERICAL},
     year = 1996,
    month = may,
   volume = 104,
    pages = {1},
      doi = {10.1086/192290},
   adsurl = {http://adsabs.harvard.edu/abs/1996ApJS..104....1P},
  adsnote = {Provided by the SAO/NASA Astrophysics Data System}
}

@ARTICLE{plionis03,
   author = {{Plionis}, M. and {Benoist}, C. and {Maurogordato}, S. and {Ferrari}, C. and 
    {Basilakos}, S.},
    title = "{Galaxy Alignments as a Probe of the Dynamical State of Clusters}",
  journal = {\apj},
   eprint = {astro-ph/0305215},
 keywords = {Galaxies: Clusters: General, Cosmology: Large-Scale Structure of Universe},
     year = 2003,
    month = sep,
   volume = 594,
    pages = {144-153},
      doi = {10.1086/376892},
   adsurl = {http://adsabs.harvard.edu/abs/2003ApJ...594..144P},
  adsnote = {Provided by the SAO/NASA Astrophysics Data System}
}

@ARTICLE{proust00,
   author = {{Proust}, D. and {Cuevas}, H. and {Capelato}, H.~V. and {Sodr{\'e}}, Jr., L. 
and 
    {Tom{\'e} Lehodey}, B. and {Le F{\`e}vre}, O. and {Mazure}, A.
    },
    title = "{Dynamics of the X-ray clusters Abell 222, Abell 223 and Abell 520}",
  journal = {\aap},
   eprint = {astro-ph/0001265},
 keywords = {GALAXIES: CLUSTERS: GENERAL, GALAXIES: CLUSTERS: INDIVIDUAL: A 520, GALAXIES: 
CLUSTERS: INDIVIDUAL: A 222, GALAXIES: CLUSTERS: INDIVIDUAL: A 223, GALAXIES: DISTANCES AND 
REDSHIFTS, COSMOLOGY: OBSERVATIONS},
     year = 2000,
    month = mar,
   volume = 355,
    pages = {443-453},
   adsurl = {http://adsabs.harvard.edu/abs/2000A%26A...355..443P},
  adsnote = {Provided by the SAO/NASA Astrophysics Data System}
}

@ARTICLE{rines13,
   author = {{Rines}, K. and {Geller}, M.~J. and {Diaferio}, A. and {Kurtz}, M.~J.
    },
    title = "{Measuring the Ultimate Halo Mass of Galaxy Clusters: Redshifts and Mass 
Profiles from the Hectospec Cluster Survey (HeCS)}",
  journal = {\apj},
archivePrefix = "arXiv",
   eprint = {1209.3786},
 keywords = {cosmology: observations, galaxies: clusters: general, galaxies: kinematics and 
dynamics},
     year = 2013,
    month = apr,
   volume = 767,
      eid = {15},
    pages = {15},
      doi = {10.1088/0004-637X/767/1/15},
   adsurl = {http://adsabs.harvard.edu/abs/2013ApJ...767...15R},
  adsnote = {Provided by the SAO/NASA Astrophysics Data System}
}

@ARTICLE{rood72,
   author = {{Rood}, H.~J. and {Sastry}, G.~N.},
    title = "{Static properties of galaxies in the cluster Abell 2199.}",
  journal = {\aj},
     year = 1972,
    month = aug,
   volume = 77,
    pages = {451-458},
      doi = {10.1086/111304},
   adsurl = {http://adsabs.harvard.edu/abs/1972AJ.....77..451R},
  adsnote = {Provided by the SAO/NASA Astrophysics Data System}
}

@BOOK{sersic68,
   author = {{S\'{e}rsic}, J.~L.},
    title = "{Atlas de galaxias australes}",
 keywords = {GALAXIES, GROUPS OF GALAXIES, ATLASES},
booktitle = {Cordoba, Argentina: Observatorio Astronomico, 1968},
     year = 1968,
   adsurl = {http://adsabs.harvard.edu/abs/1968adga.book.....S},
  adsnote = {Provided by the SAO/NASA Astrophysics Data System}
}

@ARTICLE{sand12,
   author = {{Sand}, D.~J. and {Graham}, M.~L. and {Bildfell}, C. and {Zaritsky}, D. and 
    {Pritchet}, C. and {Hoekstra}, H. and {Just}, D.~W. and {Herbert-Fort}, S. and 
    {Sivanandam}, S. and {Foley}, R.~J. and {Mahdavi}, A.},
    title = "{The Multi-Epoch nearby Cluster Survey: Type Ia Supernova Rate Measurement in z 
\~{} 0.1 Clusters and the Late-time Delay Time Distribution}",
  journal = {\apj},
archivePrefix = "arXiv",
   eprint = {1110.1632},
 keywords = {galaxies: clusters: general, supernovae: general},
     year = 2012,
    month = feb,
   volume = 746,
      eid = {163},
    pages = {163},
      doi = {10.1088/0004-637X/746/2/163},
   adsurl = {http://adsabs.harvard.edu/abs/2012ApJ...746..163S},
  adsnote = {Provided by the SAO/NASA Astrophysics Data System}
}

@ARTICLE{sastry68,
   author = {{Sastry}, G.~N.},
    title = "{Clusters Associated with Supergiant Galaxies}",
  journal = {\pasp},
     year = 1968,
    month = jun,
   volume = 80,
    pages = {252},
      doi = {10.1086/128626},
   adsurl = {http://adsabs.harvard.edu/abs/1968PASP...80..252S},
  adsnote = {Provided by the SAO/NASA Astrophysics Data System}
}

@ARTICLE{schlafly11,
   author = {{Schlafly}, E.~F. and {Finkbeiner}, D.~P.},
    title = "{Measuring Reddening with Sloan Digital Sky Survey Stellar Spectra and 
Recalibrating SFD}",
  journal = {\apj},
archivePrefix = "arXiv",
   eprint = {1012.4804},
 primaryClass = "astro-ph.GA",
 keywords = {dust, extinction, Galaxy: stellar content, ISM: clouds},
     year = 2011,
    month = aug,
   volume = 737,
      eid = {103},
    pages = {103},
      doi = {10.1088/0004-637X/737/2/103},
   adsurl = {http://adsabs.harvard.edu/abs/2011ApJ...737..103S},
  adsnote = {Provided by the SAO/NASA Astrophysics Data System}
}

@ARTICLE{schneider10,
   author = {{Schneider}, M.~D. and {Bridle}, S.},
    title = "{A halo model for intrinsic alignments of galaxy ellipticities}",
  journal = {\mnras},
archivePrefix = "arXiv",
   eprint = {0903.3870},
 keywords = {galaxies: haloes, galaxies: statistics, cosmological parameters, cosmology: 
theory},
     year = 2010,
    month = mar,
   volume = 402,
    pages = {2127-2139},
      doi = {10.1111/j.1365-2966.2009.15956.x},
   adsurl = {http://adsabs.harvard.edu/abs/2010MNRAS.402.2127S},
  adsnote = {Provided by the SAO/NASA Astrophysics Data System}
}

@ARTICLE{schneider13,
   author = {{Schneider}, M.~D. and {Cole}, S. and {Frenk}, C.~S. and {Kelvin}, L. and 
    {Mandelbaum}, R. and {Norberg}, P. and {Bland-Hawthorn}, J. and 
    {Brough}, S. and {Driver}, S. and {Hopkins}, A. and {Liske}, J. and 
    {Loveday}, J. and {Robotham}, A.},
    title = "{Galaxy And Mass Assembly (GAMA): galaxy radial alignments in GAMA groups}",
  journal = {\mnras},
archivePrefix = "arXiv",
   eprint = {1306.4963},
 keywords = {galaxies: clusters: general, galaxies: formation, galaxies: statistics},
     year = 2013,
    month = aug,
   volume = 433,
    pages = {2727-2738},
      doi = {10.1093/mnras/stt855},
   adsurl = {http://adsabs.harvard.edu/abs/2013MNRAS.433.2727S},
  adsnote = {Provided by the SAO/NASA Astrophysics Data System}
}

@ARTICLE{scoville07,
   author = {{Scoville}, N. and {Abraham}, R.~G. and {Aussel}, H. and {Barnes}, J.~E. and 
    {Benson}, A. and {Blain}, A.~W. and {Calzetti}, D. and {Comastri}, A. and 
    {Capak}, P. and {Carilli}, C. and {Carlstrom}, J.~E. and {Carollo}, C.~M. and 
    {Colbert}, J. and {Daddi}, E. and {Ellis}, R.~S. and {Elvis}, M. and 
    {Ewald}, S.~P. and {Fall}, M. and {Franceschini}, A. and {Giavalisco}, M. and 
    {Green}, W. and {Griffiths}, R.~E. and {Guzzo}, L. and {Hasinger}, G. and 
    {Impey}, C. and {Kneib}, J.-P. and {Koda}, J. and {Koekemoer}, A. and 
    {Lefevre}, O. and {Lilly}, S. and {Liu}, C.~T. and {McCracken}, H.~J. and 
    {Massey}, R. and {Mellier}, Y. and {Miyazaki}, S. and {Mobasher}, B. and 
    {Mould}, J. and {Norman}, C. and {Refregier}, A. and {Renzini}, A. and 
    {Rhodes}, J. and {Rich}, M. and {Sanders}, D.~B. and {Schiminovich}, D. and 
    {Schinnerer}, E. and {Scodeggio}, M. and {Sheth}, K. and {Shopbell}, P.~L. and 
    {Taniguchi}, Y. and {Tyson}, N.~D. and {Urry}, C.~M. and {Van Waerbeke}, L. and 
    {Vettolani}, P. and {White}, S.~D.~M. and {Yan}, L.},
    title = "{COSMOS: Hubble Space Telescope Observations}",
  journal = {\apjs},
   eprint = {astro-ph/0612306},
 keywords = {Cosmology: Observations, Cosmology: Dark Matter, Galaxies: Evolution, Galaxies: 
Formation, Cosmology: Large-Scale Structure of Universe, Surveys},
     year = 2007,
    month = sep,
   volume = 172,
    pages = {38-45},
      doi = {10.1086/516580},
   adsurl = {http://adsabs.harvard.edu/abs/2007ApJS..172...38S},
  adsnote = {Provided by the SAO/NASA Astrophysics Data System}
}

@ARTICLE{semboloni11,
   author = {{Semboloni}, E. and {Hoekstra}, H. and {Schaye}, J. and {van Daalen}, M.~P. and 
    {McCarthy}, I.~G.},
    title = "{Quantifying the effect of baryon physics on weak lensing tomography}",
  journal = {\mnras},
archivePrefix = "arXiv",
   eprint = {1105.1075},
 keywords = {gravitational lensing: weak, surveys, cosmological parameters, cosmology: 
theory, dark energy, large-scale structure of Universe},
     year = 2011,
    month = nov,
   volume = 417,
    pages = {2020-2035},
      doi = {10.1111/j.1365-2966.2011.19385.x},
   adsurl = {http://adsabs.harvard.edu/abs/2011MNRAS.417.2020S},
  adsnote = {Provided by the SAO/NASA Astrophysics Data System}
}

@ARTICLE{sifon13,
   author = {{Sif{\'o}n}, C. and {Menanteau}, F. and {Hasselfield}, M. and 
    {Marriage}, T.~A. and {Hughes}, J.~P. and {Barrientos}, L.~F. and 
    {Gonz{\'a}lez}, J. and {Infante}, L. and {Addison}, G.~E. and 
    {Baker}, A.~J. and {Battaglia}, N. and {Bond}, J.~R. and {Crichton}, D. and 
    {Das}, S. and {Devlin}, M.~J. and {Dunkley}, J. and {D{\"u}nner}, R. and 
    {Gralla}, M.~B. and {Hajian}, A. and {Hilton}, M. and {Hincks}, A.~D. and 
    {Kosowsky}, A.~B. and {Marsden}, D. and {Moodley}, K. and {Niemack}, M.~D. and 
    {Nolta}, M.~R. and {Page}, L.~A. and {Partridge}, B. and {Reese}, E.~D. and 
    {Sehgal}, N. and {Sievers}, J. and {Spergel}, D.~N. and {Staggs}, S.~T. and 
    {Thornton}, R.~J. and {Trac}, H. and {Wollack}, E.~J.},
    title = "{The Atacama Cosmology Telescope: Dynamical Masses and Scaling Relations for a 
Sample of Massive Sunyaev-Zel'dovich Effect Selected Galaxy Clusters}",
  journal = {\apj},
archivePrefix = "arXiv",
   eprint = {1201.0991},
 keywords = {cosmic background radiation, cosmology: observations, galaxies: clusters: 
general, galaxies: distances and redshifts },
     year = 2013,
    month = jul,
   volume = 772,
      eid = {25},
    pages = {25},
      doi = {10.1088/0004-637X/772/1/25},
   adsurl = {http://adsabs.harvard.edu/abs/2013ApJ...772...25S},
  adsnote = {Provided by the SAO/NASA Astrophysics Data System}
}

@ARTICLE{skielboe12,
   author = {{Skielboe}, A. and {Wojtak}, R. and {Pedersen}, K. and {Rozo}, E. and 
    {Rykoff}, E.~S.},
    title = "{Spatial Anisotropy of Galaxy Kinematics in Sloan Digital Sky Survey Galaxy 
Clusters}",
  journal = {\apjl},
archivePrefix = "arXiv",
   eprint = {1208.4598},
 primaryClass = "astro-ph.CO",
 keywords = {galaxies: clusters: general, galaxies: kinematics and dynamics},
     year = 2012,
    month = oct,
   volume = 758,
      eid = {L16},
    pages = {L16},
      doi = {10.1088/2041-8205/758/1/L16},
   adsurl = {http://adsabs.harvard.edu/abs/2012ApJ...758L..16S},
  adsnote = {Provided by the SAO/NASA Astrophysics Data System}
}

@ARTICLE{skrutskie06,
   author = {{Skrutskie}, M.~F. and {Cutri}, R.~M. and {Stiening}, R. and 
    {Weinberg}, M.~D. and {Schneider}, S. and {Carpenter}, J.~M. and 
    {Beichman}, C. and {Capps}, R. and {Chester}, T. and {Elias}, J. and 
    {Huchra}, J. and {Liebert}, J. and {Lonsdale}, C. and {Monet}, D.~G. and 
    {Price}, S. and {Seitzer}, P. and {Jarrett}, T. and {Kirkpatrick}, J.~D. and 
    {Gizis}, J.~E. and {Howard}, E. and {Evans}, T. and {Fowler}, J. and 
    {Fullmer}, L. and {Hurt}, R. and {Light}, R. and {Kopan}, E.~L. and 
    {Marsh}, K.~A. and {McCallon}, H.~L. and {Tam}, R. and {Van Dyk}, S. and 
    {Wheelock}, S.},
    title = "{The Two Micron All Sky Survey (2MASS)}",
  journal = {\aj},
 keywords = {Catalogs, Infrared: General, Surveys},
     year = 2006,
    month = feb,
   volume = 131,
    pages = {1163-1183},
      doi = {10.1086/498708},
   adsurl = {http://adsabs.harvard.edu/abs/2006AJ....131.1163S},
  adsnote = {Provided by the SAO/NASA Astrophysics Data System}
}

@ARTICLE{smith03,
   author = {{Smith}, R.~E. and {Peacock}, J.~A. and {Jenkins}, A. and {White}, S.~D.~M. and 
    {Frenk}, C.~S. and {Pearce}, F.~R. and {Thomas}, P.~A. and {Efstathiou}, G. and 
    {Couchman}, H.~M.~P.},
    title = "{Stable clustering, the halo model and non-linear cosmological power spectra}",
  journal = {\mnras},
   eprint = {astro-ph/0207664},
 keywords = {methods: N-body simulations, cosmology: theory, large-scale structure of 
Universe},
     year = 2003,
    month = jun,
   volume = 341,
    pages = {1311-1332},
      doi = {10.1046/j.1365-8711.2003.06503.x},
   adsurl = {http://adsabs.harvard.edu/abs/2003MNRAS.341.1311S},
  adsnote = {Provided by the SAO/NASA Astrophysics Data System}
}

@ARTICLE{tenneti14,
   author = {{Tenneti}, A. and {Mandelbaum}, R. and {Di Matteo}, T. and {Feng}, Y. and 
    {Khandai}, N.},
    title = "{Galaxy shapes and intrinsic alignments in the MassiveBlack-II simulation}",
  journal = {\mnras},
archivePrefix = "arXiv",
   eprint = {1403.4215},
 keywords = {gravitational lensing: weak, hydrodynamics, methods: numerical, galaxies: star 
formation},
     year = 2014,
    month = jun,
   volume = 441,
    pages = {470-485},
      doi = {10.1093/mnras/stu586},
   adsurl = {http://adsabs.harvard.edu/abs/2014MNRAS.441..470T},
  adsnote = {Provided by the SAO/NASA Astrophysics Data System}
}

@ARTICLE{thompson76,
   author = {{Thompson}, L.~A.},
    title = "{The Angular Momentum Properties of Galaxies in Rich Clusters}",
  journal = {\apj},
     year = 1976,
    month = oct,
   volume = 209,
    pages = {22-34},
      doi = {10.1086/154689},
   adsurl = {http://adsabs.harvard.edu/abs/1976ApJ...209...22T},
  adsnote = {Provided by the SAO/NASA Astrophysics Data System}
}

@ARTICLE{tinker10,
   author = {{Tinker}, J.~L. and {Robertson}, B.~E. and {Kravtsov}, A.~V. and 
    {Klypin}, A. and {Warren}, M.~S. and {Yepes}, G. and {Gottl{\"o}ber}, S.
    },
    title = "{The Large-scale Bias of Dark Matter Halos: Numerical Calibration and Model 
Tests}",
  journal = {\apj},
archivePrefix = "arXiv",
   eprint = {1001.3162},
 keywords = {cosmology: theory, large-scale structure of universe, methods: numerical},
     year = 2010,
    month = dec,
   volume = 724,
    pages = {878-886},
      doi = {10.1088/0004-637X/724/2/878},
   adsurl = {http://adsabs.harvard.edu/abs/2010ApJ...724..878T},
  adsnote = {Provided by the SAO/NASA Astrophysics Data System}
}

@ARTICLE{trevese92,
   author = {{Trevese}, D. and {Cirimele}, G. and {Flin}, P.},
    title = "{The orientation of galaxies in clusters}",
  journal = {\aj},
 keywords = {Galactic Clusters, Photographic Plates, Schmidt Telescopes, Statistical 
Analysis, Angular Momentum, Elliptical Galaxies, Galactic Evolution, Orientation},
     year = 1992,
    month = sep,
   volume = 104,
    pages = {935-940},
      doi = {10.1086/116286},
   adsurl = {http://adsabs.harvard.edu/abs/1992AJ....104..935T},
  adsnote = {Provided by the SAO/NASA Astrophysics Data System}
}

@ARTICLE{troxel14,
   author = {{Troxel}, M.~A. and {Ishak}, M.},
    title = "{Cross-correlation between cosmic microwave background lensing and galaxy 
intrinsic alignment as a contaminant to gravitational lensing cross-correlated probes of the 
Universe}",
  journal = {\prd},
archivePrefix = "arXiv",
   eprint = {1401.7051},
 keywords = {Observational cosmology, Gravitational lenses and luminous arcs, Superclusters, 
large-scale structure of the Universe, Background radiations},
     year = 2014,
    month = mar,
   volume = 89,
   number = 6,
      eid = {063528},
    pages = {063528},
      doi = {10.1103/PhysRevD.89.063528},
   adsurl = {http://adsabs.harvard.edu/abs/2014PhRvD..89f3528T},
  adsnote = {Provided by the SAO/NASA Astrophysics Data System}
}

@ARTICLE{viola11,
   author = {{Viola}, M. and {Melchior}, P. and {Bartelmann}, M.},
    title = "{Biases in, and corrections to, KSB shear measurements}",
  journal = {\mnras},
archivePrefix = "arXiv",
   eprint = {1006.2470},
 keywords = {methods: data analysis, cosmology: observations},
     year = 2011,
    month = feb,
   volume = 410,
    pages = {2156-2166},
      doi = {10.1111/j.1365-2966.2010.17589.x},
   adsurl = {http://adsabs.harvard.edu/abs/2011MNRAS.410.2156V},
  adsnote = {Provided by the SAO/NASA Astrophysics Data System}
}

@ARTICLE{yee96,
   author = {{Yee}, H.~K.~C. and {Ellingson}, E. and {Carlberg}, R.~G.},
    title = "{The CNOC Cluster Redshift Survey Catalogs. I. Observational Strategy and Data 
Reduction Techniques}",
  journal = {\apjs},
 keywords = {GALAXIES: CLUSTERS: GENERAL, GALAXIES: DISTANCES AND REDSHIFTS, 
INSTRUMENTATION: SPECTROGRAPHS, SURVEYS},
     year = 1996,
    month = feb,
   volume = 102,
    pages = {269},
      doi = {10.1086/192259},
   adsurl = {http://adsabs.harvard.edu/abs/1996ApJS..102..269Y},
  adsnote = {Provided by the SAO/NASA Astrophysics Data System}
}

@ARTICLE{yee98,
   author = {{Yee}, H.~K.~C. and {Ellingson}, E. and {Morris}, S.~L. and 
    {Abraham}, R.~G. and {Carlberg}, R.~G.},
    title = "{The CNOC Cluster Redshift Survey Catalogs. IV. MS 1358.4+6245 and MS 
1008.1-1224}",
  journal = {\apjs},
 keywords = {GALAXIES: DISTANCES AND REDSHIFTS, GALAXIES: CLUSTERS: INDIVIDUAL ALPHANUMERIC: 
MS 1008-24, GALAXIES: CLUSTERS: INDIVIDUAL ALPHANUMERIC: MS 1358+6245, GALAXIES: PHOTOMETRY, 
Galaxies: Clusters: Individual: Alphanumeric: MS 1358+6245, Galaxies: Clusters: Individual: 
Alphanumeric: MS 1008-1224, Galaxies: Distances and Redshifts, Galaxies: Photometry},
     year = 1998,
   volume = 116,
    pages = {211-230},
      doi = {10.1086/313104},
   adsurl = {http://adsabs.harvard.edu/abs/1998ApJS..116..211Y},
  adsnote = {Provided by the SAO/NASA Astrophysics Data System}
}

@ARTICLE{york00,
   author = {{York}, D.~G. and {Adelman}, J. and {Anderson}, Jr., J.~E. and 
    {Anderson}, S.~F. and {Annis}, J. and {Bahcall}, N.~A. and {Bakken}, J.~A. and 
    {Barkhouser}, R. and {Bastian}, S. and {Berman}, E. and {Boroski}, W.~N. and 
    {Bracker}, S. and {Briegel}, C. and {Briggs}, J.~W. and {Brinkmann}, J. and 
    {Brunner}, R. and {Burles}, S. and {Carey}, L. and {Carr}, M.~A. and 
    {Castander}, F.~J. and {Chen}, B. and {Colestock}, P.~L. and 
    {Connolly}, A.~J. and {Crocker}, J.~H. and {Csabai}, I. and 
    {Czarapata}, P.~C. and {Davis}, J.~E. and {Doi}, M. and {Dombeck}, T. and 
    {Eisenstein}, D. and {Ellman}, N. and {Elms}, B.~R. and {Evans}, M.~L. and 
    {Fan}, X. and {Federwitz}, G.~R. and {Fiscelli}, L. and {Friedman}, S. and 
    {Frieman}, J.~A. and {Fukugita}, M. and {Gillespie}, B. and 
    {Gunn}, J.~E. and {Gurbani}, V.~K. and {de Haas}, E. and {Haldeman}, M. and 
    {Harris}, F.~H. and {Hayes}, J. and {Heckman}, T.~M. and {Hennessy}, G.~S. and 
    {Hindsley}, R.~B. and {Holm}, S. and {Holmgren}, D.~J. and {Huang}, C.-h. and 
    {Hull}, C. and {Husby}, D. and {Ichikawa}, S.-I. and {Ichikawa}, T. and 
    {Ivezi{\'c}}, {\v Z}. and {Kent}, S. and {Kim}, R.~S.~J. and 
    {Kinney}, E. and {Klaene}, M. and {Kleinman}, A.~N. and {Kleinman}, S. and 
    {Knapp}, G.~R. and {Korienek}, J. and {Kron}, R.~G. and {Kunszt}, P.~Z. and 
    {Lamb}, D.~Q. and {Lee}, B. and {Leger}, R.~F. and {Limmongkol}, S. and 
    {Lindenmeyer}, C. and {Long}, D.~C. and {Loomis}, C. and {Loveday}, J. and 
    {Lucinio}, R. and {Lupton}, R.~H. and {MacKinnon}, B. and {Mannery}, E.~J. and 
    {Mantsch}, P.~M. and {Margon}, B. and {McGehee}, P. and {McKay}, T.~A. and 
    {Meiksin}, A. and {Merelli}, A. and {Monet}, D.~G. and {Munn}, J.~A. and 
    {Narayanan}, V.~K. and {Nash}, T. and {Neilsen}, E. and {Neswold}, R. and 
    {Newberg}, H.~J. and {Nichol}, R.~C. and {Nicinski}, T. and 
    {Nonino}, M. and {Okada}, N. and {Okamura}, S. and {Ostriker}, J.~P. and 
    {Owen}, R. and {Pauls}, A.~G. and {Peoples}, J. and {Peterson}, R.~L. and 
    {Petravick}, D. and {Pier}, J.~R. and {Pope}, A. and {Pordes}, R. and 
    {Prosapio}, A. and {Rechenmacher}, R. and {Quinn}, T.~R. and 
    {Richards}, G.~T. and {Richmond}, M.~W. and {Rivetta}, C.~H. and 
    {Rockosi}, C.~M. and {Ruthmansdorfer}, K. and {Sandford}, D. and 
    {Schlegel}, D.~J. and {Schneider}, D.~P. and {Sekiguchi}, M. and 
    {Sergey}, G. and {Shimasaku}, K. and {Siegmund}, W.~A. and {Smee}, S. and 
    {Smith}, J.~A. and {Snedden}, S. and {Stone}, R. and {Stoughton}, C. and 
    {Strauss}, M.~A. and {Stubbs}, C. and {SubbaRao}, M. and {Szalay}, A.~S. and 
    {Szapudi}, I. and {Szokoly}, G.~P. and {Thakar}, A.~R. and {Tremonti}, C. and 
    {Tucker}, D.~L. and {Uomoto}, A. and {Vanden Berk}, D. and {Vogeley}, M.~S. and 
    {Waddell}, P. and {Wang}, S.-i. and {Watanabe}, M. and {Weinberg}, D.~H. and 
    {Yanny}, B. and {Yasuda}, N. and {SDSS Collaboration}},
    title = "{The Sloan Digital Sky Survey: Technical Summary}",
  journal = {\aj},
   eprint = {astro-ph/0006396},
 keywords = {Cosmology: Observations, Instrumentation: Miscellaneous},
     year = 2000,
    month = sep,
   volume = 120,
    pages = {1579-1587},
      doi = {10.1086/301513},
   adsurl = {http://adsabs.harvard.edu/abs/2000AJ....120.1579Y},
  adsnote = {Provided by the SAO/NASA Astrophysics Data System}
}

@ARTICLE{zhang10_selfcal,
   author = {{Zhang}, P.},
    title = "{Self-calibration of Gravitational Shear-Galaxy Intrinsic Ellipticity 
Correlation in Weak Lensing Surveys}",
  journal = {\apj},
archivePrefix = "arXiv",
   eprint = {0811.0613},
 keywords = {cosmology: observations, cosmology: theory, gravitational lensing: weak, 
large-scale structure of universe},
     year = 2010,
    month = sep,
   volume = 720,
    pages = {1090-1101},
      doi = {10.1088/0004-637X/720/2/1090},
   adsurl = {http://adsabs.harvard.edu/abs/2010ApJ...720.1090Z},
  adsnote = {Provided by the SAO/NASA Astrophysics Data System}
}

@ARTICLE{zhang10_prop,
   author = {{Zhang}, P.},
    title = "{A proposal on the galaxy intrinsic alignment self-calibration in weak lensing 
surveys}",
  journal = {\mnras},
archivePrefix = "arXiv",
   eprint = {1003.5219},
 keywords = {cosmology: gravitational lensing, theory: large scale structure},
     year = 2010,
    month = jul,
   volume = 406,
    pages = {L95-L99},
      doi = {10.1111/j.1745-3933.2010.00893.x},
   adsurl = {http://adsabs.harvard.edu/abs/2010MNRAS.406L..95Z},
  adsnote = {Provided by the SAO/NASA Astrophysics Data System}
}

@ARTICLE{dejong13,
   author = {{de Jong}, J.~T.~A. and {Kuijken}, K. and {Applegate}, D. and 
    {Begeman}, K. and {Belikov}, A. and {Blake}, C. and {Bout}, J. and 
    {Boxhoorn}, D. and {Buddelmeijer}, H. and {Buddendiek}, A. and 
    {Cacciato}, M. and {Capaccioli}, M. and {Choi}, A. and {Cordes}, O. and 
    {Covone}, G. and {Dall'Ora}, M. and {Edge}, A. and {Erben}, T. and 
    {Franse}, J. and {Getman}, F. and {Grado}, A. and {Harnois-Deraps}, J. and 
    {Helmich}, E. and {Herbonnet}, R. and {Heymans}, C. and {Hildebrandt}, H. and 
    {Hoekstra}, H. and {Huang}, Z. and {Irisarri}, N. and {Joachimi}, B. and 
    {K{\"o}hlinger}, F. and {Kitching}, T. and {La Barbera}, F. and 
    {Lacerda}, P. and {McFarland}, J. and {Miller}, L. and {Nakajima}, R. and 
    {Napolitano}, N.~R. and {Paolillo}, M. and {Peacock}, J. and 
    {Pila-Diez}, B. and {Puddu}, E. and {Radovich}, M. and {Rifatto}, A. and 
    {Schneider}, P. and {Schrabback}, T. and {Sifon}, C. and {Sikkema}, G. and 
    {Simon}, P. and {Sutherland}, W. and {Tudorica}, A. and {Valentijn}, E. and 
    {van der Burg}, R. and {van Uitert}, E. and {van Waerbeke}, L. and 
    {Velander}, M. and {Kleijn}, G.~V. and {Viola}, M. and {Vriend}, W.-J.
    },
    title = "{The Kilo-Degree Survey}",
  journal = {The Messenger},
     year = 2013,
    month = dec,
   volume = 154,
    pages = {44-46},
   adsurl = {http://adsabs.harvard.edu/abs/2013Msngr.154...44J},
  adsnote = {Provided by the SAO/NASA Astrophysics Data System}
}

@ARTICLE{vandaalen11,
   author = {{van Daalen}, M.~P. and {Schaye}, J. and {Booth}, C.~M. and 
    {Dalla Vecchia}, C.},
    title = "{The effects of galaxy formation on the matter power spectrum: a challenge for 
precision cosmology}",
  journal = {\mnras},
archivePrefix = "arXiv",
   eprint = {1104.1174},
 primaryClass = "astro-ph.CO",
 keywords = {gravitational lensing: weak, surveys, galaxies: formation, cosmology: theory, 
large-scale structure of Universe},
     year = 2011,
    month = aug,
   volume = 415,
    pages = {3649-3665},
      doi = {10.1111/j.1365-2966.2011.18981.x},
   adsurl = {http://adsabs.harvard.edu/abs/2011MNRAS.415.3649V},
  adsnote = {Provided by the SAO/NASA Astrophysics Data System}
}

@ARTICLE{vankampen90,
   author = {{van Kampen}, E. and {Rhee}, G.~F.~R.~N.},
    title = "{Orientation of bright galaxies in Abell clusters}",
  journal = {\aap},
 keywords = {Brightness Distribution, Elliptical Galaxies, Galactic Clusters, Galactic 
Evolution, Image Processing, Sky Surveys (Astronomy), Statistical Analysis},
     year = 1990,
    month = oct,
   volume = 237,
    pages = {283-295},
   adsurl = {http://adsabs.harvard.edu/abs/1990A%26A...237..283V},
  adsnote = {Provided by the SAO/NASA Astrophysics Data System}
}

