@ARTICLE{sdss7,
   author = {{Abazajian}, K.~N. and {Adelman-McCarthy}, J.~K. and {Ag{\"u}eros}, M.~A. and 
    {Allam}, S.~S. and {Allende Prieto}, C. and {An}, D. and {Anderson}, K.~S.~J. and 
    {Anderson}, S.~F. and {Annis}, J. and {Bahcall}, N.~A. and et al.},
    title = "{The Seventh Data Release of the Sloan Digital Sky Survey}",
  journal = {\apjs},
archivePrefix = "arXiv",
   eprint = {0812.0649},
 keywords = {atlases, catalogs, surveys},
     year = 2009,
    month = jun,
   volume = 182,
      eid = {543-558},
    pages = {543-558},
      doi = {10.1088/0067-0049/182/2/543},
   adsurl = {http://adsabs.harvard.edu/abs/2009ApJS..182..543A},
  adsnote = {Provided by the SAO/NASA Astrophysics Data System}
}

@ARTICLE{sdss8,
   author = {{Aihara}, H. and {Allende Prieto}, C. and {An}, D. and {Anderson}, S.~F. and 
    {Aubourg}, {\'E}. and {Balbinot}, E. and {Beers}, T.~C. and 
    {Berlind}, A.~A. and {Bickerton}, S.~J. and {Bizyaev}, D. and 
    {Blanton}, M.~R. and {Bochanski}, J.~J. and {Bolton}, A.~S. and 
    {Bovy}, J. and {Brandt}, W.~N. and {Brinkmann}, J. and {Brown}, P.~J. and 
    {Brownstein}, J.~R. and {Busca}, N.~G. and {Campbell}, H. and 
    {Carr}, M.~A. and {Chen}, Y. and {Chiappini}, C. and {Comparat}, J. and 
    {Connolly}, N. and {Cortes}, M. and {Croft}, R.~A.~C. and {Cuesta}, A.~J. and 
    {da Costa}, L.~N. and {Davenport}, J.~R.~A. and {Dawson}, K. and 
    {Dhital}, S. and {Ealet}, A. and {Ebelke}, G.~L. and {Edmondson}, E.~M. and 
    {Eisenstein}, D.~J. and {Escoffier}, S. and {Esposito}, M. and 
    {Evans}, M.~L. and {Fan}, X. and {Femen{\'{\i}}a Castell{\'a}}, B. and 
    {Font-Ribera}, A. and {Frinchaboy}, P.~M. and {Ge}, J. and {Gillespie}, B.~A. and 
    {Gilmore}, G. and {Gonz{\'a}lez Hern{\'a}ndez}, J.~I. and {Gott}, J.~R. and 
    {Gould}, A. and {Grebel}, E.~K. and {Gunn}, J.~E. and {Hamilton}, J.-C. and 
    {Harding}, P. and {Harris}, D.~W. and {Hawley}, S.~L. and {Hearty}, F.~R. and 
    {Ho}, S. and {Hogg}, D.~W. and {Holtzman}, J.~A. and {Honscheid}, K. and 
    {Inada}, N. and {Ivans}, I.~I. and {Jiang}, L. and {Johnson}, J.~A. and 
    {Jordan}, C. and {Jordan}, W.~P. and {Kazin}, E.~A. and {Kirkby}, D. and 
    {Klaene}, M.~A. and {Knapp}, G.~R. and {Kneib}, J.-P. and {Kochanek}, C.~S. and 
    {Koesterke}, L. and {Kollmeier}, J.~A. and {Kron}, R.~G. and 
    {Lampeitl}, H. and {Lang}, D. and {Le Goff}, J.-M. and {Lee}, Y.~S. and 
    {Lin}, Y.-T. and {Long}, D.~C. and {Loomis}, C.~P. and {Lucatello}, S. and 
    {Lundgren}, B. and {Lupton}, R.~H. and {Ma}, Z. and {MacDonald}, N. and 
    {Mahadevan}, S. and {Maia}, M.~A.~G. and {Makler}, M. and {Malanushenko}, E. and 
    {Malanushenko}, V. and {Mandelbaum}, R. and {Maraston}, C. and 
    {Margala}, D. and {Masters}, K.~L. and {McBride}, C.~K. and 
    {McGehee}, P.~M. and {McGreer}, I.~D. and {M{\'e}nard}, B. and 
    {Miralda-Escud{\'e}}, J. and {Morrison}, H.~L. and {Mullally}, F. and 
    {Muna}, D. and {Munn}, J.~A. and {Murayama}, H. and {Myers}, A.~D. and 
    {Naugle}, T. and {Neto}, A.~F. and {Nguyen}, D.~C. and {Nichol}, R.~C. and 
    {O'Connell}, R.~W. and {Ogando}, R.~L.~C. and {Olmstead}, M.~D. and 
    {Oravetz}, D.~J. and {Padmanabhan}, N. and {Palanque-Delabrouille}, N. and 
    {Pan}, K. and {Pandey}, P. and {P{\^a}ris}, I. and {Percival}, W.~J. and 
    {Petitjean}, P. and {Pfaffenberger}, R. and {Pforr}, J. and 
    {Phleps}, S. and {Pichon}, C. and {Pieri}, M.~M. and {Prada}, F. and 
    {Price-Whelan}, A.~M. and {Raddick}, M.~J. and {Ramos}, B.~H.~F. and 
    {Reyl{\'e}}, C. and {Rich}, J. and {Richards}, G.~T. and {Rix}, H.-W. and 
    {Robin}, A.~C. and {Rocha-Pinto}, H.~J. and {Rockosi}, C.~M. and 
    {Roe}, N.~A. and {Rollinde}, E. and {Ross}, A.~J. and {Ross}, N.~P. and 
    {Rossetto}, B.~M. and {S{\'a}nchez}, A.~G. and {Sayres}, C. and 
    {Schlegel}, D.~J. and {Schlesinger}, K.~J. and {Schmidt}, S.~J. and 
    {Schneider}, D.~P. and {Sheldon}, E. and {Shu}, Y. and {Simmerer}, J. and 
    {Simmons}, A.~E. and {Sivarani}, T. and {Snedden}, S.~A. and 
    {Sobeck}, J.~S. and {Steinmetz}, M. and {Strauss}, M.~A. and 
    {Szalay}, A.~S. and {Tanaka}, M. and {Thakar}, A.~R. and {Thomas}, D. and 
    {Tinker}, J.~L. and {Tofflemire}, B.~M. and {Tojeiro}, R. and 
    {Tremonti}, C.~A. and {Vandenberg}, J. and {Vargas Maga{\~n}a}, M. and 
    {Verde}, L. and {Vogt}, N.~P. and {Wake}, D.~A. and {Wang}, J. and 
    {Weaver}, B.~A. and {Weinberg}, D.~H. and {White}, M. and {White}, S.~D.~M. and 
    {Yanny}, B. and {Yasuda}, N. and {Yeche}, C. and {Zehavi}, I.
    },
    title = "{The Eighth Data Release of the Sloan Digital Sky Survey: First Data from 
SDSS-III}",
  journal = {\apjs},
archivePrefix = "arXiv",
   eprint = {1101.1559},
 primaryClass = "astro-ph.IM",
 keywords = {atlases, catalogs, surveys},
     year = 2011,
    month = apr,
   volume = 193,
      eid = {29},
    pages = {29},
      doi = {10.1088/0067-0049/193/2/29},
   adsurl = {http://adsabs.harvard.edu/abs/2011ApJS..193...29A},
  adsnote = {Provided by the SAO/NASA Astrophysics Data System}
}

@ARTICLE{baldry10,
   author = {{Baldry}, I.~K. and {Robotham}, A.~S.~G. and {Hill}, D.~T. and 
    {Driver}, S.~P. and {Liske}, J. and {Norberg}, P. and {Bamford}, S.~P. and 
    {Hopkins}, A.~M. and {Loveday}, J. and {Peacock}, J.~A. and 
    {Cameron}, E. and {Croom}, S.~M. and {Cross}, N.~J.~G. and {Doyle}, I.~F. and 
    {Dye}, S. and {Frenk}, C.~S. and {Jones}, D.~H. and {van Kampen}, E. and 
    {Kelvin}, L.~S. and {Nichol}, R.~C. and {Parkinson}, H.~R. and 
    {Popescu}, C.~C. and {Prescott}, M. and {Sharp}, R.~G. and {Sutherland}, W.~J. and 
    {Thomas}, D. and {Tuffs}, R.~J.},
    title = "{Galaxy And Mass Assembly (GAMA): the input catalogue and star-galaxy 
separation}",
  journal = {\mnras},
archivePrefix = "arXiv",
   eprint = {0910.5120},
 keywords = {catalogues, surveys, galaxies: distances and redshifts, galaxies: photometry},
     year = 2010,
    month = may,
   volume = 404,
    pages = {86-100},
      doi = {10.1111/j.1365-2966.2010.16282.x},
   adsurl = {http://adsabs.harvard.edu/abs/2010MNRAS.404...86B},
  adsnote = {Provided by the SAO/NASA Astrophysics Data System}
}

@ARTICLE{balestra10,
   author = {{Balestra}, I. and {Mainieri}, V. and {Popesso}, P. and {Dickinson}, M. and 
    {Nonino}, M. and {Rosati}, P. and {Teimoorinia}, H. and {Vanzella}, E. and 
    {Cristiani}, S. and {Cesarsky}, C. and {Fosbury}, R.~A.~E. and 
    {Kuntschner}, H. and {Rettura}, A.},
    title = "{The Great Observatories Origins Deep Survey. VLT/VIMOS spectroscopy in the 
GOODS-south field: Part II}",
  journal = {\aap},
archivePrefix = "arXiv",
   eprint = {1001.1115},
 keywords = {large scale structure of Universe, catalogs, surveys, galaxies: evolution, 
galaxies: high-redshift, cosmology: observations},
     year = 2010,
    month = mar,
   volume = 512,
      eid = {A12},
    pages = {A12},
      doi = {10.1051/0004-6361/200913626},
   adsurl = {http://adsabs.harvard.edu/abs/2010A%26A...512A..12B},
  adsnote = {Provided by the SAO/NASA Astrophysics Data System}
}

@ARTICLE{baltz09,
   author = {{Baltz}, E.~A. and {Marshall}, P. and {Oguri}, M.},
    title = "{Analytic models of plausible gravitational lens potentials}",
  journal = {\jcap},
archivePrefix = "arXiv",
   eprint = {0705.0682},
     year = 2009,
    month = jan,
   volume = 1,
      eid = {015},
    pages = {015},
      doi = {10.1088/1475-7516/2009/01/015},
   adsurl = {http://adsabs.harvard.edu/abs/2009JCAP...01..015B},
  adsnote = {Provided by the SAO/NASA Astrophysics Data System}
}

@ARTICLE{benitez00,
   author = {{Ben{\'{\i}}tez}, N.},
    title = "{Bayesian Photometric Redshift Estimation}",
  journal = {\apj},
   eprint = {astro-ph/9811189},
 keywords = {Galaxies: Distances and Redshifts, Galaxies: Photometry, Methods: 
Statistical},
     year = 2000,
    month = jun,
   volume = 536,
    pages = {571-583},
      doi = {10.1086/308947},
   adsurl = {http://adsabs.harvard.edu/abs/2000ApJ...536..571B},
  adsnote = {Provided by the SAO/NASA Astrophysics Data System}
}

@ARTICLE{benjamin13,
   author = {{Benjamin}, J. and {Van Waerbeke}, L. and {Heymans}, C. and 
    {Kilbinger}, M. and {Erben}, T. and {Hildebrandt}, H. and {Hoekstra}, H. and 
    {Kitching}, T.~D. and {Mellier}, Y. and {Miller}, L. and {Rowe}, B. and 
    {Schrabback}, T. and {Simpson}, F. and {Coupon}, J. and {Fu}, L. and 
    {Harnois-D{\'e}raps}, J. and {Hudson}, M.~J. and {Kuijken}, K. and 
    {Semboloni}, E. and {Vafaei}, S. and {Velander}, M.},
    title = "{CFHTLenS tomographic weak lensing: quantifying accurate redshift 
distributions}",
  journal = {\mnras},
archivePrefix = "arXiv",
   eprint = {1212.3327},
 keywords = {techniques: photometric, galaxies: distances and redshifts, galaxies: 
photometry, cosmological parameters -- cosmology: observations, large-scale structure of 
Universe},
     year = 2013,
    month = may,
   volume = 431,
    pages = {1547-1564},
      doi = {10.1093/mnras/stt276},
   adsurl = {http://adsabs.harvard.edu/abs/2013MNRAS.431.1547B},
  adsnote = {Provided by the SAO/NASA Astrophysics Data System}
}

@ARTICLE{bertin96,
   author = {{Bertin}, E. and {Arnouts}, S.},
    title = "{SExtractor: Software for source extraction.}",
  journal = {\aaps},
 keywords = {METHODS: DATA ANALYSIS, TECHNIQUES: IMAGE PROCESSING, GALAXIES: PHOTOMETRY},
     year = 1996,
    month = jun,
   volume = 117,
    pages = {393-404},
      doi = {10.1051/aas:1996164},
   adsurl = {http://adsabs.harvard.edu/abs/1996A%26AS..117..393B},
  adsnote = {Provided by the SAO/NASA Astrophysics Data System}
}

@BOOK{binney87,
   author = {{Binney}, J. and {Tremaine}, S.},
    title = "{Galactic dynamics}",
 keywords = {Astrophysics, Celestial Mechanics, Galactic Structure, Milky Way Galaxy, Dark 
Matter, Galactic Evolution, Jeans Theory, Orbital Mechanics, Potential Theory, Stellar 
Evolution, Stellar Systems},
booktitle = {Princeton, NJ, Princeton University Press, 1987, 747 p.},
     year = 1987,
   adsurl = {http://adsabs.harvard.edu/abs/1987gady.book.....B},
  adsnote = {Provided by the SAO/NASA Astrophysics Data System}
}

@ARTICLE{boylan11,
   author = {{Boylan-Kolchin}, M. and {Bullock}, J.~S. and {Kaplinghat}, M.
    },
    title = "{Too big to fail? The puzzling darkness of massive Milky Way subhaloes}",
  journal = {\mnras},
archivePrefix = "arXiv",
   eprint = {1103.0007},
 primaryClass = "astro-ph.CO",
 keywords = {Galaxy: halo, galaxies: abundances, cosmology: theory, dark matter},
     year = 2011,
    month = jul,
   volume = 415,
    pages = {L40-L44},
      doi = {10.1111/j.1745-3933.2011.01074.x},
   adsurl = {http://adsabs.harvard.edu/abs/2011MNRAS.415L..40B},
  adsnote = {Provided by the SAO/NASA Astrophysics Data System}
}

@ARTICLE{brainerd96,
   author = {{Brainerd}, T.~G. and {Blandford}, R.~D. and {Smail}, I.},
    title = "{Weak Gravitational Lensing by Galaxies}",
  journal = {\apj},
   eprint = {astro-ph/9503073},
 keywords = {GALAXIES: HALOS, COSMOLOGY: GRAVITATIONAL LENSING, GALAXIES: FUNDAMENTAL 
PARAMETERS},
     year = 1996,
    month = aug,
   volume = 466,
    pages = {623},
      doi = {10.1086/177537},
   adsurl = {http://adsabs.harvard.edu/abs/1996ApJ...466..623B},
  adsnote = {Provided by the SAO/NASA Astrophysics Data System}
}

@ARTICLE{bruzual03,
   author = {{Bruzual}, G. and {Charlot}, S.},
    title = "{Stellar population synthesis at the resolution of 2003}",
  journal = {\mnras},
   eprint = {astro-ph/0309134},
 keywords = {stars: evolution, galaxies: evolution, galaxies: formation, galaxies: stellar 
content},
     year = 2003,
    month = oct,
   volume = 344,
    pages = {1000-1028},
      doi = {10.1046/j.1365-8711.2003.06897.x},
   adsurl = {http://adsabs.harvard.edu/abs/2003MNRAS.344.1000B},
  adsnote = {Provided by the SAO/NASA Astrophysics Data System}
}

@ARTICLE{chang13_neff,
   author = {{Chang}, C. and {Jarvis}, M. and {Jain}, B. and {Kahn}, S.~M. and 
    {Kirkby}, D. and {Connolly}, A. and {Krughoff}, S. and {Peng}, E.-H. and 
    {Peterson}, J.~R.},
    title = "{The effective number density of galaxies for weak lensing measurements in the 
LSST project}",
  journal = {\mnras},
archivePrefix = "arXiv",
   eprint = {1305.0793},
 keywords = {methods: data analysis, cosmology: observations},
     year = 2013,
    month = sep,
   volume = 434,
    pages = {2121-2135},
      doi = {10.1093/mnras/stt1156},
   adsurl = {http://adsabs.harvard.edu/abs/2013MNRAS.434.2121C},
  adsnote = {Provided by the SAO/NASA Astrophysics Data System}
}

@ARTICLE{chang13_stripping,
   author = {{Chang}, J. and {Macci{\`o}}, A.~V. and {Kang}, X.},
    title = "{The dependence of tidal stripping efficiency on the satellite and host galaxy 
morphology}",
  journal = {\mnras},
archivePrefix = "arXiv",
   eprint = {1212.3408},
 primaryClass = "astro-ph.CO",
 keywords = {methods: numerical, galaxies: evolution, galaxies: interactions, galaxies: 
kinematics and dynamics},
     year = 2013,
    month = jun,
   volume = 431,
    pages = {3533-3542},
      doi = {10.1093/mnras/stt434},
   adsurl = {http://adsabs.harvard.edu/abs/2013MNRAS.431.3533C},
  adsnote = {Provided by the SAO/NASA Astrophysics Data System}
}

@ARTICLE{comparat13,
   author = {{Comparat}, J. and {Jullo}, E. and {Kneib}, J.-P. and {Schimd}, C. and 
    {Shan}, H. and {Erben}, T. and {Ilbert}, O. and {Brownstein}, J. and 
    {Ealet}, A. and {Escoffier}, S. and {Moraes}, B. and {Mostek}, N. and 
    {Newman}, J.~A. and {Pereira}, M.~E.~S. and {Prada}, F. and 
    {Schlegel}, D.~J. and {Schneider}, D.~P. and {Brandt}, C.~H.
    },
    title = "{Stochastic bias of colour-selected BAO tracers by joint clustering-weak 
lensing analysis}",
  journal = {\mnras},
archivePrefix = "arXiv",
   eprint = {1302.5655},
 primaryClass = "astro-ph.CO",
 keywords = {galaxies: evolution, galaxies: haloes, galaxies: statistics, cosmology: 
observations, dark matter, large-scale structure of Universe},
     year = 2013,
    month = aug,
   volume = 433,
    pages = {1146-1160},
      doi = {10.1093/mnras/stt797},
   adsurl = {http://adsabs.harvard.edu/abs/2013MNRAS.433.1146C},
  adsnote = {Provided by the SAO/NASA Astrophysics Data System}
}

@ARTICLE{contini12,
   author = {{Contini}, E. and {De Lucia}, G. and {Borgani}, S.},
    title = "{Statistics of substructures in dark matter haloes}",
  journal = {\mnras},
archivePrefix = "arXiv",
   eprint = {1111.1911},
 keywords = {Galaxy: formation, galaxies: clusters: general, galaxies: evolution, dark 
matter},
     year = 2012,
    month = mar,
   volume = 420,
    pages = {2978-2989},
      doi = {10.1111/j.1365-2966.2011.20149.x},
   adsurl = {http://adsabs.harvard.edu/abs/2012MNRAS.420.2978C},
  adsnote = {Provided by the SAO/NASA Astrophysics Data System}
}

@ARTICLE{courteau14,
   author = {{Courteau}, S. and {Cappellari}, M. and {de Jong}, R.~S. and 
    {Dutton}, A.~A. and {Emsellem}, E. and {Hoekstra}, H. and {Koopmans}, L.~V.~E. and 
    {Mamon}, G.~A. and {Maraston}, C. and {Treu}, T. and {Widrow}, L.~M.
    },
    title = "{Galaxy masses}",
  journal = {Reviews of Modern Physics},
archivePrefix = "arXiv",
   eprint = {1309.3276},
 keywords = {Mass and mass distribution, Statistical and correlative studies of properties, 
Mass and density},
     year = 2014,
    month = jan,
   volume = 86,
    pages = {47-119},
      doi = {10.1103/RevModPhys.86.47},
   adsurl = {http://adsabs.harvard.edu/abs/2014RvMP...86...47C},
  adsnote = {Provided by the SAO/NASA Astrophysics Data System}
}

@ARTICLE{driver11,
   author = {{Driver}, S.~P. and {Hill}, D.~T. and {Kelvin}, L.~S. and {Robotham}, A.~S.~G. 
and 
    {Liske}, J. and {Norberg}, P. and {Baldry}, I.~K. and {Bamford}, S.~P. and 
    {Hopkins}, A.~M. and {Loveday}, J. and {Peacock}, J.~A. and 
    {Andrae}, E. and {Bland-Hawthorn}, J. and {Brough}, S. and {Brown}, M.~J.~I. and 
    {Cameron}, E. and {Ching}, J.~H.~Y. and {Colless}, M. and {Conselice}, C.~J. and 
    {Croom}, S.~M. and {Cross}, N.~J.~G. and {de Propris}, R. and 
    {Dye}, S. and {Drinkwater}, M.~J. and {Ellis}, S. and {Graham}, A.~W. and 
    {Grootes}, M.~W. and {Gunawardhana}, M. and {Jones}, D.~H. and 
    {van Kampen}, E. and {Maraston}, C. and {Nichol}, R.~C. and 
    {Parkinson}, H.~R. and {Phillipps}, S. and {Pimbblet}, K. and 
    {Popescu}, C.~C. and {Prescott}, M. and {Roseboom}, I.~G. and 
    {Sadler}, E.~M. and {Sansom}, A.~E. and {Sharp}, R.~G. and {Smith}, D.~J.~B. and 
    {Taylor}, E. and {Thomas}, D. and {Tuffs}, R.~J. and {Wijesinghe}, D. and 
    {Dunne}, L. and {Frenk}, C.~S. and {Jarvis}, M.~J. and {Madore}, B.~F. and 
    {Meyer}, M.~J. and {Seibert}, M. and {Staveley-Smith}, L. and 
    {Sutherland}, W.~J. and {Warren}, S.~J.},
    title = "{Galaxy and Mass Assembly (GAMA): survey diagnostics and core data release}",
  journal = {\mnras},
archivePrefix = "arXiv",
   eprint = {1009.0614},
 keywords = {surveys, galaxies: distances and redshifts, galaxies: fundamental parameters, 
galaxies: general, galaxies: statistics},
     year = 2011,
    month = may,
   volume = 413,
    pages = {971-995},
      doi = {10.1111/j.1365-2966.2010.18188.x},
   adsurl = {http://adsabs.harvard.edu/abs/2011MNRAS.413..971D},
  adsnote = {Provided by the SAO/NASA Astrophysics Data System}
}

@ARTICLE{duffy08,
   author = {{Duffy}, A.~R. and {Schaye}, J. and {Kay}, S.~T. and {Dalla Vecchia}, C.
    },
    title = "{Dark matter halo concentrations in the Wilkinson Microwave Anisotropy Probe 
year 5 cosmology}",
  journal = {\mnras},
archivePrefix = "arXiv",
   eprint = {0804.2486},
 keywords = {methods: N-body simulations, galaxies: clusters: general, galaxies: haloes, 
cosmological parameters, cosmology: theory, dark matter},
     year = 2008,
    month = oct,
   volume = 390,
    pages = {L64-L68},
      doi = {10.1111/j.1745-3933.2008.00537.x},
   adsurl = {http://adsabs.harvard.edu/abs/2008MNRAS.390L..64D},
  adsnote = {Provided by the SAO/NASA Astrophysics Data System}
}

@ARTICLE{einasto13,
   author = {{Einasto}, J.},
    title = "{Dark Matter}",
  journal = {Brazilian Journal of Physics},
archivePrefix = "arXiv",
   eprint = {1308.2534},
 primaryClass = "astro-ph.CO",
 keywords = {Dark matter, Large-scale structure of the universe, CMB radiation},
     year = 2013,
    month = dec,
   volume = 43,
    pages = {369-374},
      doi = {10.1007/s13538-013-0147-9},
   adsurl = {http://adsabs.harvard.edu/abs/2013BrJPh..43..369E},
  adsnote = {Provided by the SAO/NASA Astrophysics Data System}
}

@ARTICLE{erben13,
   author = {{Erben}, T. and {Hildebrandt}, H. and {Miller}, L. and {van Waerbeke}, L. and 
    {Heymans}, C. and {Hoekstra}, H. and {Kitching}, T.~D. and {Mellier}, Y. and 
    {Benjamin}, J. and {Blake}, C. and {Bonnett}, C. and {Cordes}, O. and 
    {Coupon}, J. and {Fu}, L. and {Gavazzi}, R. and {Gillis}, B. and 
    {Grocutt}, E. and {Gwyn}, S.~D.~J. and {Holhjem}, K. and {Hudson}, M.~J. and 
    {Kilbinger}, M. and {Kuijken}, K. and {Milkeraitis}, M. and 
    {Rowe}, B.~T.~P. and {Schrabback}, T. and {Semboloni}, E. and 
    {Simon}, P. and {Smit}, M. and {Toader}, O. and {Vafaei}, S. and 
    {van Uitert}, E. and {Velander}, M.},
    title = "{CFHTLenS: the Canada-France-Hawaii Telescope Lensing Survey - imaging data and 
catalogue products}",
  journal = {\mnras},
archivePrefix = "arXiv",
   eprint = {1210.8156},
 keywords = {methods: data analysis, cosmology: observations},
     year = 2013,
    month = aug,
   volume = 433,
    pages = {2545-2563},
      doi = {10.1093/mnras/stt928},
   adsurl = {http://adsabs.harvard.edu/abs/2013MNRAS.433.2545E},
  adsnote = {Provided by the SAO/NASA Astrophysics Data System}
}

@ARTICLE{foreman13,
   author = {{Foreman-Mackey}, D. and {Hogg}, D.~W. and {Lang}, D. and {Goodman}, J.
    },
    title = "{emcee: The MCMC Hammer}",
  journal = {\pasp},
archivePrefix = "arXiv",
   eprint = {1202.3665},
 primaryClass = "astro-ph.IM",
     year = 2013,
    month = mar,
   volume = 125,
    pages = {306-312},
      doi = {10.1086/670067},
   adsurl = {http://adsabs.harvard.edu/abs/2013PASP..125..306F},
  adsnote = {Provided by the SAO/NASA Astrophysics Data System}
}

@ARTICLE{frenk96,
   author = {{Frenk}, C.~S. and {Evrard}, A.~E. and {White}, S.~D.~M. and 
    {Summers}, F.~J.},
    title = "{Galaxy Dynamics in Clusters}",
  journal = {\apj},
   eprint = {astro-ph/9504020},
 keywords = {COSMOLOGY: DARK MATTER, GALAXIES: CLUSTERS: GENERAL, GALAXIES: HALOS, METHODS: 
NUMERICAL},
     year = 1996,
    month = dec,
   volume = 472,
    pages = {460},
      doi = {10.1086/178079},
   adsurl = {http://adsabs.harvard.edu/abs/1996ApJ...472..460F},
  adsnote = {Provided by the SAO/NASA Astrophysics Data System}
}

@ARTICLE{gao04,
   author = {{Gao}, L. and {White}, S.~D.~M. and {Jenkins}, A. and {Stoehr}, F. and 
    {Springel}, V.},
    title = "{The subhalo populations of {$\Lambda$}CDM dark haloes}",
  journal = {\mnras},
   eprint = {astro-ph/0404589},
 keywords = {methods: N-body simulations, methods: numerical, galaxies: clusters: general, 
galaxies: haloes, dark matter},
     year = 2004,
    month = dec,
   volume = 355,
    pages = {819-834},
      doi = {10.1111/j.1365-2966.2004.08360.x},
   adsurl = {http://adsabs.harvard.edu/abs/2004MNRAS.355..819G},
  adsnote = {Provided by the SAO/NASA Astrophysics Data System}
}

@ARTICLE{gillis13,
   author = {{Gillis}, B.~R. and {Hudson}, M.~J. and {Erben}, T. and {Heymans}, C. and 
    {Hildebrandt}, H. and {Hoekstra}, H. and {Kitching}, T.~D. and 
    {Mellier}, Y. and {Miller}, L. and {van Waerbeke}, L. and {Bonnett}, C. and 
    {Coupon}, J. and {Fu}, L. and {Hilbert}, S. and {Rowe}, B.~T.~P. and 
    {Schrabback}, T. and {Semboloni}, E. and {van Uitert}, E. and 
    {Velander}, M.},
    title = "{CFHTLenS: the environmental dependence of galaxy halo masses from weak 
lensing}",
  journal = {\mnras},
archivePrefix = "arXiv",
   eprint = {1301.7421},
 keywords = {gravitational lensing: weak, galaxies: clusters: general, galaxies: groups: 
general},
     year = 2013,
    month = may,
   volume = 431,
    pages = {1439-1452},
      doi = {10.1093/mnras/stt274},
   adsurl = {http://adsabs.harvard.edu/abs/2013MNRAS.431.1439G},
  adsnote = {Provided by the SAO/NASA Astrophysics Data System}
}

@article{goodman10,
   author = {{Goodman}, J. and {Weare}, J.},
    title = "{Ensemble samplers with affine invariance}",
  journal = {Communications in Applied Mathematics and Computational Science},
 keywords = {Markov chain Monte Carlo, affine invariance, ensemble samplers},
     year = 2010,
    month = jan,
   volume = 5,
    pages = {65-80},
      doi = {10.2140/camcos.2010.5.65}
}

@ARTICLE{hayashi03,
   author = {{Hayashi}, E. and {Navarro}, J.~F. and {Taylor}, J.~E. and {Stadel}, J. and 
    {Quinn}, T.},
    title = "{The Structural Evolution of Substructure}",
  journal = {\apj},
   eprint = {astro-ph/0203004},
 keywords = {Cosmology: Theory, Cosmology: Dark Matter, Galaxies: Evolution, Galaxies: 
Halos, Galaxies: Structure, methods: N-body simulations},
     year = 2003,
    month = feb,
   volume = 584,
    pages = {541-558},
      doi = {10.1086/345788},
   adsurl = {http://adsabs.harvard.edu/abs/2003ApJ...584..541H},
  adsnote = {Provided by the SAO/NASA Astrophysics Data System}
}

@ARTICLE{heymans12,
   author = {{Heymans}, C. and {Van Waerbeke}, L. and {Miller}, L. and {Erben}, T. and 
    {Hildebrandt}, H. and {Hoekstra}, H. and {Kitching}, T.~D. and 
    {Mellier}, Y. and {Simon}, P. and {Bonnett}, C. and {Coupon}, J. and 
    {Fu}, L. and {Harnois D{\'e}raps}, J. and {Hudson}, M.~J. and 
    {Kilbinger}, M. and {Kuijken}, K. and {Rowe}, B. and {Schrabback}, T. and 
    {Semboloni}, E. and {van Uitert}, E. and {Vafaei}, S. and {Velander}, M.
    },
    title = "{CFHTLenS: the Canada-France-Hawaii Telescope Lensing Survey}",
  journal = {\mnras},
archivePrefix = "arXiv",
   eprint = {1210.0032},
 keywords = {gravitational lensing: weak, cosmology: observations},
     year = 2012,
    month = nov,
   volume = 427,
    pages = {146-166},
      doi = {10.1111/j.1365-2966.2012.21952.x},
   adsurl = {http://adsabs.harvard.edu/abs/2012MNRAS.427..146H},
  adsnote = {Provided by the SAO/NASA Astrophysics Data System}
}

@ARTICLE{hildebrandt12,
   author = {{Hildebrandt}, H. and {Erben}, T. and {Kuijken}, K. and {van Waerbeke}, L. and 
    {Heymans}, C. and {Coupon}, J. and {Benjamin}, J. and {Bonnett}, C. and 
    {Fu}, L. and {Hoekstra}, H. and {Kitching}, T.~D. and {Mellier}, Y. and 
    {Miller}, L. and {Velander}, M. and {Hudson}, M.~J. and {Rowe}, B.~T.~P. and 
    {Schrabback}, T. and {Semboloni}, E. and {Ben{\'{\i}}tez}, N.
    },
    title = "{CFHTLenS: improving the quality of photometric redshifts with precision 
photometry}",
  journal = {\mnras},
archivePrefix = "arXiv",
   eprint = {1111.4434},
 keywords = {galaxies: abundances, galaxies: high-redshift, galaxies: photometry},
     year = 2012,
    month = apr,
   volume = 421,
    pages = {2355-2367},
      doi = {10.1111/j.1365-2966.2012.20468.x},
   adsurl = {http://adsabs.harvard.edu/abs/2012MNRAS.421.2355H},
  adsnote = {Provided by the SAO/NASA Astrophysics Data System}
}

@ARTICLE{hoekstra00,
   author = {{Hoekstra}, H. and {Franx}, M. and {Kuijken}, K.},
    title = "{Hubble Space Telescope Weak-Lensing Study of the z=0.83 Cluster MS 1054-03}",
  journal = {\apj},
   eprint = {astro-ph/9910487},
 keywords = {COSMOLOGY: OBSERVATIONS, COSMOLOGY: GRAVITATIONAL LENSING, DARK MATTER, 
GALAXIES: CLUSTERS: INDIVIDUAL (MS 1054-03)},
     year = 2000,
    month = mar,
   volume = 532,
    pages = {88-108},
      doi = {10.1086/308556},
   adsurl = {http://adsabs.harvard.edu/abs/2000ApJ...532...88H},
  adsnote = {Provided by the SAO/NASA Astrophysics Data System}
}

@ARTICLE{jiang16,
   author = {{Jiang}, F. and {van den Bosch}, F.~C.},
    title = "{Statistics of dark matter substructure - I. Model and universal fitting 
functions}",
  journal = {\mnras},
 keywords = {methods: analytical, methods: statistical, galaxies: haloes, galaxies: 
statistics, dark matter},
     year = 2016,
    month = may,
   volume = 458,
    pages = {2848-2869},
      doi = {10.1093/mnras/stw439},
   adsurl = {http://adsabs.harvard.edu/abs/2016MNRAS.458.2848J},
  adsnote = {Provided by the SAO/NASA Astrophysics Data System}
}

@ARTICLE{king62,
   author = {{King}, I.},
    title = "{The structure of star clusters. I. an empirical density law}",
  journal = {\aj},
     year = 1962,
    month = oct,
   volume = 67,
    pages = {471},
      doi = {10.1086/108756},
   adsurl = {http://adsabs.harvard.edu/abs/1962AJ.....67..471K},
  adsnote = {Provided by the SAO/NASA Astrophysics Data System}
}

@ARTICLE{kitching08,
   author = {{Kitching}, T.~D. and {Miller}, L. and {Heymans}, C.~E. and 
    {van Waerbeke}, L. and {Heavens}, A.~F.},
    title = "{Bayesian galaxy shape measurement for weak lensing surveys - II. Application 
to simulations}",
  journal = {\mnras},
archivePrefix = "arXiv",
   eprint = {0802.1528},
 keywords = {gravitational lensing , methods: data analysis , methods: numerical , methods: 
statistical , cosmology: observation},
     year = 2008,
    month = oct,
   volume = 390,
    pages = {149-167},
      doi = {10.1111/j.1365-2966.2008.13628.x},
   adsurl = {http://adsabs.harvard.edu/abs/2008MNRAS.390..149K},
  adsnote = {Provided by the SAO/NASA Astrophysics Data System}
}

@ARTICLE{klypin99,
   author = {{Klypin}, A. and {Gottl{\"o}ber}, S. and {Kravtsov}, A.~V. and 
    {Khokhlov}, A.~M.},
    title = "{Galaxies in N-Body Simulations: Overcoming the Overmerging Problem}",
  journal = {\apj},
   eprint = {astro-ph/9708191},
 keywords = {COSMOLOGY: THEORY, GALAXIES: FORMATION, GALAXIES: HALOS, COSMOLOGY: LARGE-SCALE 
STRUCTURE OF UNIVERSE, METHODS: NUMERICAL, Cosmology: Theory, Galaxies: Formation, Galaxies: 
Halos, Cosmology: Large-Scale Structure of Universe, Methods: Numerical},
     year = 1999,
    month = may,
   volume = 516,
    pages = {530-551},
      doi = {10.1086/307122},
   adsurl = {http://adsabs.harvard.edu/abs/1999ApJ...516..530K},
  adsnote = {Provided by the SAO/NASA Astrophysics Data System}
}

@ARTICLE{kuijken08,
   author = {{Kuijken}, K.},
    title = "{GaaP: PSF- and aperture-matched photometry using shapelets}",
  journal = {\aap},
   eprint = {astro-ph/0610606},
 keywords = {techniques: image processing, methods: data analysis, techniques: photometric, 
galaxies: fundamental parameters},
     year = 2008,
    month = may,
   volume = 482,
    pages = {1053-1067},
      doi = {10.1051/0004-6361:20066601},
   adsurl = {http://adsabs.harvard.edu/abs/2008A%26A...482.1053K},
  adsnote = {Provided by the SAO/NASA Astrophysics Data System}
}

@ARTICLE{kuijken15,
   author = {{Kuijken}, K. and {Heymans}, C. and {Hildebrandt}, H. and {Nakajima}, R. and 
    {Erben}, T. and {de Jong}, J.~T.~A. and {Viola}, M. and {Choi}, A. and 
    {Hoekstra}, H. and {Miller}, L. and {van Uitert}, E. and {Amon}, A. and 
    {Blake}, C. and {Brouwer}, M. and {Buddendiek}, A. and {Conti}, I.~F. and 
    {Eriksen}, M. and {Grado}, A. and {Harnois-D{\'e}raps}, J. and 
    {Helmich}, E. and {Herbonnet}, R. and {Irisarri}, N. and {Kitching}, T. and 
    {Klaes}, D. and {La Barbera}, F. and {Napolitano}, N. and {Radovich}, M. and 
    {Schneider}, P. and {Sif{\'o}n}, C. and {Sikkema}, G. and {Simon}, P. and 
    {Tudorica}, A. and {Valentijn}, E. and {Verdoes Kleijn}, G. and 
    {van Waerbeke}, L.},
    title = "{Gravitational lensing analysis of the Kilo-Degree Survey}",
  journal = {\mnras},
archivePrefix = "arXiv",
   eprint = {1507.00738},
 keywords = {gravitational lensing: weak, surveys, galaxies: photometry, cosmology: 
observations},
     year = 2015,
    month = dec,
   volume = 454,
    pages = {3500-3532},
      doi = {10.1093/mnras/stv2140},
   adsurl = {http://adsabs.harvard.edu/abs/2015MNRAS.454.3500K},
  adsnote = {Provided by the SAO/NASA Astrophysics Data System}
}

@ARTICLE{li13_ggl,
   author = {{Li}, R. and {Mo}, H.~J. and {Fan}, Z. and {Yang}, X. and {Bosch}, F.~C.~v.~d.
    },
    title = "{Constraining the substructure of dark matter haloes with galaxy-galaxy 
lensing}",
  journal = {\mnras},
archivePrefix = "arXiv",
   eprint = {1210.2480},
 primaryClass = "astro-ph.CO",
 keywords = {methods: statistical, galaxies: haloes, dark matter},
     year = 2013,
    month = apr,
   volume = 430,
    pages = {3359-3375},
      doi = {10.1093/mnras/stt133},
   adsurl = {http://adsabs.harvard.edu/abs/2013MNRAS.430.3359L},
  adsnote = {Provided by the SAO/NASA Astrophysics Data System}
}

@ARTICLE{li16,
   author = {{Li}, R. and {Shan}, H. and {Kneib}, J.-P. and {Mo}, H. and 
    {Rozo}, E. and {Leauthaud}, A. and {Moustakas}, J. and {Xie}, L. and 
    {Erben}, T. and {Van Waerbeke}, L. and {Makler}, M. and {Rykoff}, E. and 
    {Moraes}, B.},
    title = "{Measuring subhalo mass in redMaPPer clusters with CFHT Stripe 82 Survey}",
  journal = {\mnras},
archivePrefix = "arXiv",
   eprint = {1507.01464},
 keywords = {gravitational lensing: weak, methods: data analysis, galaxies: haloes, 
galaxies: statistics, dark matter},
     year = 2016,
    month = may,
   volume = 458,
    pages = {2573-2583},
      doi = {10.1093/mnras/stw494},
   adsurl = {http://adsabs.harvard.edu/abs/2016MNRAS.458.2573L},
  adsnote = {Provided by the SAO/NASA Astrophysics Data System}
}

@ARTICLE{li14,
   author = {{Li}, R. and {Shan}, H. and {Mo}, H. and {Kneib}, J.-P. and 
    {Yang}, X. and {Luo}, W. and {van den Bosch}, F.~C. and {Erben}, T. and 
    {Moraes}, B. and {Makler}, M.},
    title = "{First galaxy-galaxy lensing measurement of satellite halo mass in the CFHT 
Stripe-82 Survey}",
  journal = {\mnras},
archivePrefix = "arXiv",
   eprint = {1311.6523},
 primaryClass = "astro-ph.CO",
 keywords = {gravitational lensing: weak, galaxies: clusters: general, galaxies: haloes, 
dark matter},
     year = 2014,
    month = mar,
   volume = 438,
    pages = {2864-2870},
      doi = {10.1093/mnras/stt2395},
   adsurl = {http://adsabs.harvard.edu/abs/2014MNRAS.438.2864L},
  adsnote = {Provided by the SAO/NASA Astrophysics Data System}
}

@ARTICLE{libeskind13,
   author = {{Libeskind}, N.~I. and {Di Cintio}, A. and {Knebe}, A. and {Yepes}, G. and 
    {Gottl{\"o}ber}, S. and {Steinmetz}, M. and {Hoffman}, Y. and 
    {Martinez-Vaquero}, L.~A.},
    title = "{Cold versus Warm Dark Matter Simulations of a Galaxy Group}",
  journal = {\pasa},
archivePrefix = "arXiv",
   eprint = {1305.5557},
 keywords = {dark matter, Local Group, methods: miscellaneous},
     year = 2013,
    month = jul,
   volume = 30,
      eid = {e039},
    pages = {e039},
      doi = {10.1017/pasa.2013.16},
   adsurl = {http://adsabs.harvard.edu/abs/2013PASA...30...39L},
  adsnote = {Provided by the SAO/NASA Astrophysics Data System}
}

@ARTICLE{lilly07,
   author = {{Lilly}, S.~J. and {Le F{\`e}vre}, O. and {Renzini}, A. and 
    {Zamorani}, G. and {Scodeggio}, M. and {Contini}, T. and {Carollo}, C.~M. and 
    {Hasinger}, G. and {Kneib}, J.-P. and {Iovino}, A. and {Le Brun}, V. and 
    {Maier}, C. and {Mainieri}, V. and {Mignoli}, M. and {Silverman}, J. and 
    {Tasca}, L.~A.~M. and {Bolzonella}, M. and {Bongiorno}, A. and 
    {Bottini}, D. and {Capak}, P. and {Caputi}, K. and {Cimatti}, A. and 
    {Cucciati}, O. and {Daddi}, E. and {Feldmann}, R. and {Franzetti}, P. and 
    {Garilli}, B. and {Guzzo}, L. and {Ilbert}, O. and {Kampczyk}, P. and 
    {Kovac},, K. and {Lamareille}, F. and {Leauthaud}, A. and {Borgne}, J.-F.~L. and 
    {McCracken}, H.~J. and {Marinoni}, C. and {Pello}, R. and {Ricciardelli}, E. and 
    {Scarlata}, C. and {Vergani}, D. and {Sanders}, D.~B. and {Schinnerer}, E. and 
    {Scoville}, N. and {Taniguchi}, Y. and {Arnouts}, S. and {Aussel}, H. and 
    {Bardelli}, S. and {Brusa}, M. and {Cappi}, A. and {Ciliegi}, P. and 
    {Finoguenov}, A. and {Foucaud}, S. and {Franceschini}, A. and 
    {Halliday}, C. and {Impey}, C. and {Knobel}, C. and {Koekemoer}, A. and 
    {Kurk}, J. and {Maccagni}, D. and {Maddox}, S. and {Marano}, B. and 
    {Marconi}, G. and {Meneux}, B. and {Mobasher}, B. and {Moreau}, C. and 
    {Peacock}, J.~A. and {Porciani}, C. and {Pozzetti}, L. and {Scaramella}, R. and 
    {Schiminovich}, D. and {Shopbell}, P. and {Smail}, I. and {Thompson}, D. and 
    {Tresse}, L. and {Vettolani}, G. and {Zanichelli}, A. and {Zucca}, E.
    },
    title = "{zCOSMOS: A Large VLT/VIMOS Redshift Survey Covering 0 $\lt$ z $\lt$ 3 in the 
COSMOS Field}",
  journal = {\apjs},
   eprint = {astro-ph/0612291},
 keywords = {Cosmology: Observations, Galaxies: Active, Galaxies: Distances and Redshifts, 
Galaxies: Evolution, Cosmology: Large-Scale Structure of Universe, Galaxies: Quasars: 
General, Surveys},
     year = 2007,
    month = sep,
   volume = 172,
    pages = {70-85},
      doi = {10.1086/516589},
   adsurl = {http://adsabs.harvard.edu/abs/2007ApJS..172...70L},
  adsnote = {Provided by the SAO/NASA Astrophysics Data System}
}

@ARTICLE{limousin07,
   author = {{Limousin}, M. and {Kneib}, J.~P. and {Bardeau}, S. and {Natarajan}, P. and 
    {Czoske}, O. and {Smail}, I. and {Ebeling}, H. and {Smith}, G.~P.
    },
    title = "{Truncation of galaxy dark matter halos in high density environments}",
  journal = {\aap},
   eprint = {astro-ph/0609782},
 keywords = {cosmology: dark mater, Galaxy: halo, gravitational lensing},
     year = 2007,
    month = jan,
   volume = 461,
    pages = {881-891},
      doi = {10.1051/0004-6361:20065543},
   adsurl = {http://adsabs.harvard.edu/abs/2007A%26A...461..881L},
  adsnote = {Provided by the SAO/NASA Astrophysics Data System}
}

@ARTICLE{liske15,
   author = {{Liske}, J. and {Baldry}, I.~K. and {Driver}, S.~P. and {Tuffs}, R.~J. and 
    {Alpaslan}, M. and {Andrae}, E. and {Brough}, S. and {Cluver}, M.~E. and 
    {Grootes}, M.~W. and {Gunawardhana}, M.~L.~P. and {Kelvin}, L.~S. and 
    {Loveday}, J. and {Robotham}, A.~S.~G. and {Taylor}, E.~N. and 
    {Bamford}, S.~P. and {Bland-Hawthorn}, J. and {Brown}, M.~J.~I. and 
    {Drinkwater}, M.~J. and {Hopkins}, A.~M. and {Meyer}, M.~J. and 
    {Norberg}, P. and {Peacock}, J.~A. and {Agius}, N.~K. and {Andrews}, S.~K. and 
    {Bauer}, A.~E. and {Ching}, J.~H.~Y. and {Colless}, M. and {Conselice}, C.~J. and 
    {Croom}, S.~M. and {Davies}, L.~J.~M. and {De Propris}, R. and 
    {Dunne}, L. and {Eardley}, E.~M. and {Ellis}, S. and {Foster}, C. and 
    {Frenk}, C.~S. and {H{\"a}u{\ss}ler}, B. and {Holwerda}, B.~W. and 
    {Howlett}, C. and {Ibarra}, H. and {Jarvis}, M.~J. and {Jones}, D.~H. and 
    {Kafle}, P.~R. and {Lacey}, C.~G. and {Lange}, R. and {Lara-L{\'o}pez}, M.~A. and 
    {L{\'o}pez-S{\'a}nchez}, {\'A}.~R. and {Maddox}, S. and {Madore}, B.~F. and 
    {McNaught-Roberts}, T. and {Moffett}, A.~J. and {Nichol}, R.~C. and 
    {Owers}, M.~S. and {Palamara}, D. and {Penny}, S.~J. and {Phillipps}, S. and 
    {Pimbblet}, K.~A. and {Popescu}, C.~C. and {Prescott}, M. and 
    {Proctor}, R. and {Sadler}, E.~M. and {Sansom}, A.~E. and {Seibert}, M. and 
    {Sharp}, R. and {Sutherland}, W. and {V{\'a}zquez-Mata}, J.~A. and 
    {van Kampen}, E. and {Wilkins}, S.~M. and {Williams}, R. and 
    {Wright}, A.~H.},
    title = "{Galaxy And Mass Assembly (GAMA): end of survey report and data release 2}",
  journal = {\mnras},
archivePrefix = "arXiv",
   eprint = {1506.08222},
 keywords = {surveys, galaxies: distances and redshifts, galaxies: fundamental parameters, 
galaxies: general, galaxies: photometry, galaxies: statistics},
     year = 2015,
    month = sep,
   volume = 452,
    pages = {2087-2126},
      doi = {10.1093/mnras/stv1436},
   adsurl = {http://adsabs.harvard.edu/abs/2015MNRAS.452.2087L},
  adsnote = {Provided by the SAO/NASA Astrophysics Data System}
}

@ARTICLE{mamon10,
   author = {{Mamon}, G.~A. and {Biviano}, A. and {Murante}, G.},
    title = "{The universal distribution of halo interlopers in projected phase space. Bias 
in galaxy cluster concentration and velocity anisotropy?}",
  journal = {\aap},
archivePrefix = "arXiv",
   eprint = {1003.0033},
 primaryClass = "astro-ph.CO",
 keywords = {galaxies: clusters: general, cosmology: miscellaneous, dark matter, galaxies: 
halos, gravitational lensing:, weak, methods: numerical},
     year = 2010,
    month = sep,
   volume = 520,
      eid = {A30},
    pages = {A30},
      doi = {10.1051/0004-6361/200913948},
   adsurl = {http://adsabs.harvard.edu/abs/2010A%26A...520A..30M},
  adsnote = {Provided by the SAO/NASA Astrophysics Data System}
}

@ARTICLE{mcfarland13,
   author = {{McFarland}, J.~P. and {Verdoes-Kleijn}, G. and {Sikkema}, G. and 
    {Helmich}, E.~M. and {Boxhoorn}, D.~R. and {Valentijn}, E.~A.
    },
    title = "{The Astro-WISE optical image pipeline. Development and implementation}",
  journal = {Experimental Astronomy},
 keywords = {Wide-field imaging, Data processing, Information system},
     year = 2013,
    month = jan,
   volume = 35,
    pages = {45-78},
      doi = {10.1007/s10686-011-9266-x},
   adsurl = {http://adsabs.harvard.edu/abs/2013ExA....35...45M},
  adsnote = {Provided by the SAO/NASA Astrophysics Data System}
}

@ARTICLE{melchior12,
   author = {{Melchior}, P. and {Viola}, M.},
    title = "{Means of confusion: how pixel noise affects shear estimates for weak 
gravitational lensing}",
  journal = {\mnras},
archivePrefix = "arXiv",
   eprint = {1204.5147},
 primaryClass = "astro-ph.IM",
 keywords = {gravitational lensing: weak, techniques: image processing },
     year = 2012,
    month = aug,
   volume = 424,
    pages = {2757-2769},
      doi = {10.1111/j.1365-2966.2012.21381.x},
   adsurl = {http://adsabs.harvard.edu/abs/2012MNRAS.424.2757M},
  adsnote = {Provided by the SAO/NASA Astrophysics Data System}
}

@ARTICLE{miller13,
   author = {{Miller}, L. and {Heymans}, C. and {Kitching}, T.~D. and {van Waerbeke}, L. and 
    {Erben}, T. and {Hildebrandt}, H. and {Hoekstra}, H. and {Mellier}, Y. and 
    {Rowe}, B.~T.~P. and {Coupon}, J. and {Dietrich}, J.~P. and 
    {Fu}, L. and {Harnois-D{\'e}raps}, J. and {Hudson}, M.~J. and 
    {Kilbinger}, M. and {Kuijken}, K. and {Schrabback}, T. and {Semboloni}, E. and 
    {Vafaei}, S. and {Velander}, M.},
    title = "{Bayesian galaxy shape measurement for weak lensing surveys - III. Application 
to the Canada-France-Hawaii Telescope Lensing Survey}",
  journal = {\mnras},
archivePrefix = "arXiv",
   eprint = {1210.8201},
 primaryClass = "astro-ph.CO",
 keywords = {gravitational lensing: weak, methods: data analysis, methods: statistical, 
cosmology: observations},
     year = 2013,
    month = mar,
   volume = 429,
    pages = {2858-2880},
      doi = {10.1093/mnras/sts454},
   adsurl = {http://adsabs.harvard.edu/abs/2013MNRAS.429.2858M},
  adsnote = {Provided by the SAO/NASA Astrophysics Data System}
}

@ARTICLE{miller07,
   author = {{Miller}, L. and {Kitching}, T.~D. and {Heymans}, C. and {Heavens}, A.~F. and 
    {van Waerbeke}, L.},
    title = "{Bayesian galaxy shape measurement for weak lensing surveys - I. Methodology 
and a fast-fitting algorithm}",
  journal = {\mnras},
archivePrefix = "arXiv",
   eprint = {0708.2340},
 keywords = {gravitational lensing, methods: data analysis, methods: statistical, 
techniques: miscellaneous},
     year = 2007,
    month = nov,
   volume = 382,
    pages = {315-324},
      doi = {10.1111/j.1365-2966.2007.12363.x},
   adsurl = {http://adsabs.harvard.edu/abs/2007MNRAS.382..315M},
  adsnote = {Provided by the SAO/NASA Astrophysics Data System}
}

@BOOK{mo10,
   author = {{Mo}, H. and {van den Bosch}, F.~C. and {White}, S.},
    title = "{Galaxy Formation and Evolution}",
booktitle = {Galaxy Formation and Evolution, by Houjun Mo , Frank van den Bosch , Simon 
White, Cambridge, UK: Cambridge University Press, 2010},
     year = 2010,
    month = may,
   adsurl = {http://adsabs.harvard.edu/abs/2010gfe..book.....M},
  adsnote = {Provided by the SAO/NASA Astrophysics Data System}
}

@ARTICLE{moore99,
   author = {{Moore}, B. and {Ghigna}, S. and {Governato}, F. and {Lake}, G. and 
    {Quinn}, T. and {Stadel}, J. and {Tozzi}, P.},
    title = "{Dark Matter Substructure within Galactic Halos}",
  journal = {\apjl},
   eprint = {astro-ph/9907411},
 keywords = {COSMOLOGY: OBSERVATIONS, COSMOLOGY: THEORY, COSMOLOGY: DARK MATTER, GALAXIES: 
CLUSTERS: GENERAL, GALAXIES: FORMATION, Cosmology: Observations, Cosmology: Theory, 
Cosmology: Dark Matter, Galaxies: Clusters: General, Galaxies: Formation},
     year = 1999,
    month = oct,
   volume = 524,
    pages = {L19-L22},
      doi = {10.1086/312287},
   adsurl = {http://adsabs.harvard.edu/abs/1999ApJ...524L..19M},
  adsnote = {Provided by the SAO/NASA Astrophysics Data System}
}

@ARTICLE{natarajan07,
   author = {{Natarajan}, P. and {De Lucia}, G. and {Springel}, V.},
    title = "{Substructure in lensing clusters and simulations}",
  journal = {\mnras},
   eprint = {astro-ph/0604414},
 keywords = {gravitational lensing, methods: numerical, galaxies: fundamental parameters, 
galaxies: haloes},
     year = 2007,
    month = mar,
   volume = 376,
    pages = {180-192},
      doi = {10.1111/j.1365-2966.2007.11399.x},
   adsurl = {http://adsabs.harvard.edu/abs/2007MNRAS.376..180N},
  adsnote = {Provided by the SAO/NASA Astrophysics Data System}
}

@ARTICLE{natarajan02,
   author = {{Natarajan}, P. and {Kneib}, J.-P. and {Smail}, I.},
    title = "{Evidence for Tidal Stripping of Dark Matter Halos in Massive Cluster Lenses}",
  journal = {\apjl},
   eprint = {astro-ph/0207049},
 keywords = {Galaxies: Fundamental Parameters, Galaxies: Halos, Cosmology: Gravitational 
Lensing, Methods: Numerical},
     year = 2002,
    month = nov,
   volume = 580,
    pages = {L11-L15},
      doi = {10.1086/345399},
   adsurl = {http://adsabs.harvard.edu/abs/2002ApJ...580L..11N},
  adsnote = {Provided by the SAO/NASA Astrophysics Data System}
}

@ARTICLE{natarajan09,
   author = {{Natarajan}, P. and {Kneib}, J.-P. and {Smail}, I. and {Treu}, T. and 
    {Ellis}, R. and {Moran}, S. and {Limousin}, M. and {Czoske}, O.
    },
    title = "{The Survival of Dark Matter Halos in the Cluster Cl 0024+16}",
  journal = {\apj},
archivePrefix = "arXiv",
   eprint = {0711.4587},
 keywords = {dark matter, galaxies: clusters: general, galaxies: halos},
     year = 2009,
    month = mar,
   volume = 693,
    pages = {970-983},
      doi = {10.1088/0004-637X/693/1/970},
   adsurl = {http://adsabs.harvard.edu/abs/2009ApJ...693..970N},
  adsnote = {Provided by the SAO/NASA Astrophysics Data System}
}

@ARTICLE{nfw95,
   author = {{Navarro}, J.~F. and {Frenk}, C.~S. and {White}, S.~D.~M.},
    title = "{Simulations of X-ray clusters}",
  journal = {\mnras},
   eprint = {astro-ph/9408069},
 keywords = {GALAXIES: CLUSTERS: GENERAL, COSMOLOGY: THEORY, DARK MATTER, X-RAYS: GENERAL},
     year = 1995,
    month = aug,
   volume = 275,
    pages = {720-740},
      doi = {10.1093/mnras/275.3.720},
   adsurl = {http://adsabs.harvard.edu/abs/1995MNRAS.275..720N},
  adsnote = {Provided by the SAO/NASA Astrophysics Data System}
}

@ARTICLE{norberg09,
   author = {{Norberg}, P. and {Baugh}, C.~M. and {Gazta{\~n}aga}, E. and 
    {Croton}, D.~J.},
    title = "{Statistical analysis of galaxy surveys - I. Robust error estimation for 
two-point clustering statistics}",
  journal = {\mnras},
archivePrefix = "arXiv",
   eprint = {0810.1885},
 keywords = {galaxies: statistics , cosmology: theory , large-scale structure of Universe},
     year = 2009,
    month = jun,
   volume = 396,
    pages = {19-38},
      doi = {10.1111/j.1365-2966.2009.14389.x},
   adsurl = {http://adsabs.harvard.edu/abs/2009MNRAS.396...19N},
  adsnote = {Provided by the SAO/NASA Astrophysics Data System}
}

@ARTICLE{pastormira11,
   author = {{Pastor Mira}, E. and {Hilbert}, S. and {Hartlap}, J. and {Schneider}, P.
    },
    title = "{Probing the dark-matter halos of cluster galaxies with weak lensing}",
  journal = {\aap},
archivePrefix = "arXiv",
   eprint = {1103.1635},
 keywords = {gravitational lensing: weak, galaxies: clusters: general, galaxies: evolution, 
dark matter},
     year = 2011,
    month = jul,
   volume = 531,
      eid = {A169},
    pages = {A169},
      doi = {10.1051/0004-6361/201116851},
   adsurl = {http://adsabs.harvard.edu/abs/2011A%26A...531A.169P},
  adsnote = {Provided by the SAO/NASA Astrophysics Data System}
}

@ARTICLE{planck15xiii,
   author = {{Planck Collaboration}},
    title = "{Planck 2015 results. XIII. Cosmological parameters}",
  journal = {ArXiv e-prints},
archivePrefix = "arXiv",
   eprint = {1502.01589},
 keywords = {Astrophysics - Cosmology and Nongalactic Astrophysics},
     year = 2015,
    month = feb,
   adsurl = {http://adsabs.harvard.edu/abs/2015arXiv150201589P},
  adsnote = {Provided by the SAO/NASA Astrophysics Data System}
}

@ARTICLE{refregier12,
   author = {{Refregier}, A. and {Kacprzak}, T. and {Amara}, A. and {Bridle}, S. and 
    {Rowe}, B.},
    title = "{Noise bias in weak lensing shape measurements}",
  journal = {\mnras},
archivePrefix = "arXiv",
   eprint = {1203.5050},
 keywords = {gravitational lensing: weak, methods: statistical, techniques: image 
processing, cosmology: observations, dark energy, dark matter },
     year = 2012,
    month = sep,
   volume = 425,
    pages = {1951-1957},
      doi = {10.1111/j.1365-2966.2012.21483.x},
   adsurl = {http://adsabs.harvard.edu/abs/2012MNRAS.425.1951R},
  adsnote = {Provided by the SAO/NASA Astrophysics Data System}
}

@ARTICLE{robotham11,
   author = {{Robotham}, A.~S.~G. and {Norberg}, P. and {Driver}, S.~P. and 
    {Baldry}, I.~K. and {Bamford}, S.~P. and {Hopkins}, A.~M. and 
    {Liske}, J. and {Loveday}, J. and {Merson}, A. and {Peacock}, J.~A. and 
    {Brough}, S. and {Cameron}, E. and {Conselice}, C.~J. and {Croom}, S.~M. and 
    {Frenk}, C.~S. and {Gunawardhana}, M. and {Hill}, D.~T. and 
    {Jones}, D.~H. and {Kelvin}, L.~S. and {Kuijken}, K. and {Nichol}, R.~C. and 
    {Parkinson}, H.~R. and {Pimbblet}, K.~A. and {Phillipps}, S. and 
    {Popescu}, C.~C. and {Prescott}, M. and {Sharp}, R.~G. and {Sutherland}, W.~J. and 
    {Taylor}, E.~N. and {Thomas}, D. and {Tuffs}, R.~J. and {van Kampen}, E. and 
    {Wijesinghe}, D.},
    title = "{Galaxy and Mass Assembly (GAMA): the GAMA galaxy group catalogue 
(G$^{3}$Cv1)}",
  journal = {\mnras},
archivePrefix = "arXiv",
   eprint = {1106.1994},
 keywords = {galaxies: groups: general, galaxies: haloes, dark matter, large-scale structure 
of Universe},
     year = 2011,
    month = oct,
   volume = 416,
    pages = {2640-2668},
      doi = {10.1111/j.1365-2966.2011.19217.x},
   adsurl = {http://adsabs.harvard.edu/abs/2011MNRAS.416.2640R},
  adsnote = {Provided by the SAO/NASA Astrophysics Data System}
}

@ARTICLE{romanodiaz10,
   author = {{Romano-D{\'{\i}}az}, E. and {Shlosman}, I. and {Heller}, C. and 
    {Hoffman}, Y.},
    title = "{Dissecting Galaxy Formation. II. Comparing Substructure in Pure Dark Matter 
and Baryonic Models}",
  journal = {\apj},
archivePrefix = "arXiv",
   eprint = {1002.4200},
 keywords = {dark matter, galaxies: evolution, galaxies: formation, galaxies: halos, 
galaxies: interactions, galaxies: kinematics and dynamics},
     year = 2010,
    month = jun,
   volume = 716,
    pages = {1095-1104},
      doi = {10.1088/0004-637X/716/2/1095},
   adsurl = {http://adsabs.harvard.edu/abs/2010ApJ...716.1095R},
  adsnote = {Provided by the SAO/NASA Astrophysics Data System}
}

@ARTICLE{rozo15,
   author = {{Rozo}, E. and {Rykoff}, E.~S. and {Becker}, M. and {Reddick}, R.~M. and 
    {Wechsler}, R.~H.},
    title = "{redMaPPer - IV. Photometric membership identification of red cluster galaxies 
with 1 per cent precision}",
  journal = {\mnras},
archivePrefix = "arXiv",
   eprint = {1410.1193},
 keywords = {galaxies: clusters: general},
     year = 2015,
    month = oct,
   volume = 453,
    pages = {38-52},
      doi = {10.1093/mnras/stv1560},
   adsurl = {http://adsabs.harvard.edu/abs/2015MNRAS.453...38R},
  adsnote = {Provided by the SAO/NASA Astrophysics Data System}
}

@ARTICLE{rykoff14,
   author = {{Rykoff}, E.~S. and {Rozo}, E. and {Busha}, M.~T. and {Cunha}, C.~E. and 
    {Finoguenov}, A. and {Evrard}, A. and {Hao}, J. and {Koester}, B.~P. and 
    {Leauthaud}, A. and {Nord}, B. and {Pierre}, M. and {Reddick}, R. and 
    {Sadibekova}, T. and {Sheldon}, E.~S. and {Wechsler}, R.~H.},
    title = "{redMaPPer. I. Algorithm and SDSS DR8 Catalog}",
  journal = {\apj},
archivePrefix = "arXiv",
   eprint = {1303.3562},
 keywords = {galaxies: clusters: general},
     year = 2014,
    month = apr,
   volume = 785,
      eid = {104},
    pages = {104},
      doi = {10.1088/0004-637X/785/2/104},
   adsurl = {http://adsabs.harvard.edu/abs/2014ApJ...785..104R},
  adsnote = {Provided by the SAO/NASA Astrophysics Data System}
}

@ARTICLE{schewtschenko11,
   author = {{Schewtschenko}, J.~A. and {Macci{\`o}}, A.~V.},
    title = "{Comparing galactic satellite properties in hydrodynamical and N-body 
simulations}",
  journal = {\mnras},
archivePrefix = "arXiv",
   eprint = {1012.0311},
 keywords = {gravitation, hydrodynamics, methods: numerical, galaxies: haloes, galaxies: 
structure},
     year = 2011,
    month = may,
   volume = 413,
    pages = {878-886},
      doi = {10.1111/j.1365-2966.2010.18179.x},
   adsurl = {http://adsabs.harvard.edu/abs/2011MNRAS.413..878S},
  adsnote = {Provided by the SAO/NASA Astrophysics Data System}
}

@ARTICLE{schneider03,
   author = {{Schneider}, P.},
    title = "{The consequences of parity symmetry for higher-order statistics of cosmic 
shear and other polar fields}",
  journal = {\aap},
   eprint = {astro-ph/0305240},
 keywords = {dark matter, methods: statistical, cosmology: miscellaneous, cosmic microwave 
background},
     year = 2003,
    month = sep,
   volume = 408,
    pages = {829-834},
      doi = {10.1051/0004-6361:20031035},
   adsurl = {http://adsabs.harvard.edu/abs/2003A%26A...408..829S},
  adsnote = {Provided by the SAO/NASA Astrophysics Data System}
}

@ARTICLE{springel05_millenium,
   author = {{Springel}, V. and {White}, S.~D.~M. and {Jenkins}, A. and {Frenk}, C.~S. and 
    {Yoshida}, N. and {Gao}, L. and {Navarro}, J. and {Thacker}, R. and 
    {Croton}, D. and {Helly}, J. and {Peacock}, J.~A. and {Cole}, S. and 
    {Thomas}, P. and {Couchman}, H. and {Evrard}, A. and {Colberg}, J. and 
    {Pearce}, F.},
    title = "{Simulations of the formation, evolution and clustering of galaxies and 
quasars}",
  journal = {\nat},
   eprint = {astro-ph/0504097},
     year = 2005,
    month = jun,
   volume = 435,
    pages = {629-636},
      doi = {10.1038/nature03597},
   adsurl = {http://adsabs.harvard.edu/abs/2005Natur.435..629S},
  adsnote = {Provided by the SAO/NASA Astrophysics Data System}
}

@ARTICLE{taffoni03,
   author = {{Taffoni}, G. and {Mayer}, L. and {Colpi}, M. and {Governato}, F.
    },
    title = "{On the life and death of satellite haloes}",
  journal = {\mnras},
   eprint = {astro-ph/0301271},
 keywords = {methods: analytical, methods: numerical, galaxies: interactions, galaxies: 
kinematics and dynamics, dark matter},
     year = 2003,
    month = may,
   volume = 341,
    pages = {434-448},
      doi = {10.1046/j.1365-8711.2003.06395.x},
   adsurl = {http://adsabs.harvard.edu/abs/2003MNRAS.341..434T},
  adsnote = {Provided by the SAO/NASA Astrophysics Data System}
}

@ARTICLE{taylor11,
   author = {{Taylor}, E.~N. and {Hopkins}, A.~M. and {Baldry}, I.~K. and 
    {Brown}, M.~J.~I. and {Driver}, S.~P. and {Kelvin}, L.~S. and 
    {Hill}, D.~T. and {Robotham}, A.~S.~G. and {Bland-Hawthorn}, J. and 
    {Jones}, D.~H. and {Sharp}, R.~G. and {Thomas}, D. and {Liske}, J. and 
    {Loveday}, J. and {Norberg}, P. and {Peacock}, J.~A. and {Bamford}, S.~P. and 
    {Brough}, S. and {Colless}, M. and {Cameron}, E. and {Conselice}, C.~J. and 
    {Croom}, S.~M. and {Frenk}, C.~S. and {Gunawardhana}, M. and 
    {Kuijken}, K. and {Nichol}, R.~C. and {Parkinson}, H.~R. and 
    {Phillipps}, S. and {Pimbblet}, K.~A. and {Popescu}, C.~C. and 
    {Prescott}, M. and {Sutherland}, W.~J. and {Tuffs}, R.~J. and 
    {van Kampen}, E. and {Wijesinghe}, D.},
    title = "{Galaxy And Mass Assembly (GAMA): stellar mass estimates}",
  journal = {\mnras},
archivePrefix = "arXiv",
   eprint = {1108.0635},
 primaryClass = "astro-ph.CO",
 keywords = {catalogues, galaxies: evolution, galaxies: formation, galaxies: fundamental 
parameters, galaxies: stellar content},
     year = 2011,
    month = dec,
   volume = 418,
    pages = {1587-1620},
      doi = {10.1111/j.1365-2966.2011.19536.x},
   adsurl = {http://adsabs.harvard.edu/abs/2011MNRAS.418.1587T},
  adsnote = {Provided by the SAO/NASA Astrophysics Data System}
}

@ARTICLE{tormen98,
   author = {{Tormen}, G. and {Diaferio}, A. and {Syer}, D.},
    title = "{Survival of substructure within dark matter haloes}",
  journal = {\mnras},
   eprint = {astro-ph/9712222},
 keywords = {METHODS: NUMERICAL, GALAXIES: CLUSTERS: GENERAL, GALAXIES: HALOES, GALAXIES: 
INTERACTIONS, COSMOLOGY: THEORY, DARK MATTER},
     year = 1998,
    month = sep,
   volume = 299,
    pages = {728-742},
      doi = {10.1046/j.1365-8711.1998.01775.x},
   adsurl = {http://adsabs.harvard.edu/abs/1998MNRAS.299..728T},
  adsnote = {Provided by the SAO/NASA Astrophysics Data System}
}

@ARTICLE{trimble87,
   author = {{Trimble}, V.},
    title = "{Existence and nature of dark matter in the universe}",
  journal = {\araa},
 keywords = {Dark Matter, Galactic Structure, Universe, Barred Galaxies, Elliptical Galaxies, Galactic Rotation, Gravitational Lenses, Milky Way Galaxy, Spiral Galaxies},
     year = 1987,
   volume = 25,
    pages = {425-472},
      doi = {10.1146/annurev.aa.25.090187.002233},
   adsurl = {http://adsabs.harvard.edu/abs/1987ARA%26A..25..425T},
  adsnote = {Provided by the SAO/NASA Astrophysics Data System}
}

@ARTICLE{vanzella08,
   author = {{Vanzella}, E. and {Cristiani}, S. and {Dickinson}, M. and {Giavalisco}, M. and 
    {Kuntschner}, H. and {Haase}, J. and {Nonino}, M. and {Rosati}, P. and 
    {Cesarsky}, C. and {Ferguson}, H.~C. and {Fosbury}, R.~A.~E. and 
    {Grazian}, A. and {Moustakas}, L.~A. and {Rettura}, A. and {Popesso}, P. and 
    {Renzini}, A. and {Stern}, D. and {GOODS Team}},
    title = "{The great observatories origins deep survey. VLT/FORS2 spectroscopy in the 
GOODS-South field: Part III}",
  journal = {\aap},
archivePrefix = "arXiv",
   eprint = {0711.0850},
 keywords = {cosmology: observations, cosmology: large scale, structure of the universe, 
galaxies: evolution},
     year = 2008,
    month = jan,
   volume = 478,
    pages = {83-92},
      doi = {10.1051/0004-6361:20078332},
   adsurl = {http://adsabs.harvard.edu/abs/2008A%26A...478...83V},
  adsnote = {Provided by the SAO/NASA Astrophysics Data System}
}

@ARTICLE{viola15,
   author = {{Viola}, M. and {Cacciato}, M. and {Brouwer}, M. and {Kuijken}, K. and 
    {Hoekstra}, H. and {Norberg}, P. and {Robotham}, A.~S.~G. and 
    {van Uitert}, E. and {Alpaslan}, M. and {Baldry}, I.~K. and 
    {Choi}, A. and {de Jong}, J.~T.~A. and {Driver}, S.~P. and {Erben}, T. and 
    {Grado}, A. and {Graham}, A.~W. and {Heymans}, C. and {Hildebrandt}, H. and 
    {Hopkins}, A.~M. and {Irisarri}, N. and {Joachimi}, B. and {Loveday}, J. and 
    {Miller}, L. and {Nakajima}, R. and {Schneider}, P. and {Sif{\'o}n}, C. and 
    {Verdoes Kleijn}, G.},
    title = "{Dark matter halo properties of GAMA galaxy groups from 100 square degrees of 
KiDS weak lensing data}",
  journal = {\mnras},
archivePrefix = "arXiv",
   eprint = {1507.00735},
 keywords = {methods: observational, methods: statistical, galaxies: groups: general, 
galaxies: haloes, dark matter, large-scale structure of Universe},
     year = 2015,
    month = oct,
   volume = 452,
    pages = {3529-3550},
      doi = {10.1093/mnras/stv1447},
   adsurl = {http://adsabs.harvard.edu/abs/2015MNRAS.452.3529V},
  adsnote = {Provided by the SAO/NASA Astrophysics Data System}
}

@ARTICLE{viola14,
   author = {{Viola}, M. and {Kitching}, T.~D. and {Joachimi}, B.},
    title = "{On the probability distributions of ellipticity}",
  journal = {\mnras},
archivePrefix = "arXiv",
   eprint = {1309.7844},
 keywords = {methods: analytical, cosmology: theory, dark matter},
     year = 2014,
    month = apr,
   volume = 439,
    pages = {1909-1932},
      doi = {10.1093/mnras/stu071},
   adsurl = {http://adsabs.harvard.edu/abs/2014MNRAS.439.1909V},
  adsnote = {Provided by the SAO/NASA Astrophysics Data System}
}

@ARTICLE{white78,
   author = {{White}, S.~D.~M. and {Rees}, M.~J.},
    title = "{Core condensation in heavy halos - A two-stage theory for galaxy formation and 
clustering}",
  journal = {\mnras},
 keywords = {Astronomical Models, Galactic Clusters, Galactic Evolution, Galactic Nuclei, 
Gravitational Effects, Halos, Critical Mass, Dark Matter, Dynamic Models, Interstellar Gas, 
Luminosity, Many Body Problem, Red Shift},
     year = 1978,
    month = may,
   volume = 183,
    pages = {341-358},
      doi = {10.1093/mnras/183.3.341},
   adsurl = {http://adsabs.harvard.edu/abs/1978MNRAS.183..341W},
  adsnote = {Provided by the SAO/NASA Astrophysics Data System}
}

@ARTICLE{wright00,
   author = {{Wright}, C.~O. and {Brainerd}, T.~G.},
    title = "{Gravitational Lensing by NFW Halos}",
  journal = {\apj},
 keywords = {COSMOLOGY: THEORY, COSMOLOGY: DARK MATTER, GALAXIES: CLUSTERS: GENERAL, 
COSMOLOGY: GRAVITATIONAL LENSING},
     year = 2000,
    month = may,
   volume = 534,
    pages = {34-40},
      doi = {10.1086/308744},
   adsurl = {http://adsabs.harvard.edu/abs/2000ApJ...534...34W},
  adsnote = {Provided by the SAO/NASA Astrophysics Data System}
}

@ARTICLE{yang06,
   author = {{Yang}, X. and {Mo}, H.~J. and {van den Bosch}, F.~C. and {Jing}, Y.~P. and 
    {Weinmann}, S.~M. and {Meneghetti}, M.},
    title = "{Weak lensing by galaxies in groups and clusters - I. Theoretical 
expectations}",
  journal = {\mnras},
   eprint = {astro-ph/0607552},
 keywords = {gravitational lensing, methods: statistical, galaxies: haloes, dark matter, 
large-scale structure of Universe},
     year = 2006,
    month = dec,
   volume = 373,
    pages = {1159-1172},
      doi = {10.1111/j.1365-2966.2006.11091.x},
   adsurl = {http://adsabs.harvard.edu/abs/2006MNRAS.373.1159Y},
  adsnote = {Provided by the SAO/NASA Astrophysics Data System}
}

@ARTICLE{yang07,
   author = {{Yang}, X. and {Mo}, H.~J. and {van den Bosch}, F.~C. and {Pasquali}, A. and 
    {Li}, C. and {Barden}, M.},
    title = "{Galaxy Groups in the SDSS DR4. I. The Catalog and Basic Properties}",
  journal = {\apj},
archivePrefix = "arXiv",
   eprint = {0707.4640},
 keywords = {Cosmology: Dark Matter, Galaxies: Halos, Cosmology: Large-Scale Structure of 
Universe, Methods: Statistical},
     year = 2007,
    month = dec,
   volume = 671,
    pages = {153-170},
      doi = {10.1086/522027},
   adsurl = {http://adsabs.harvard.edu/abs/2007ApJ...671..153Y},
  adsnote = {Provided by the SAO/NASA Astrophysics Data System}
}

@ARTICLE{york00,
   author = {{York}, D.~G. and {Adelman}, J. and {Anderson}, Jr., J.~E. and 
    {Anderson}, S.~F. and {Annis}, J. and {Bahcall}, N.~A. and {Bakken}, J.~A. and 
    {Barkhouser}, R. and {Bastian}, S. and {Berman}, E. and {Boroski}, W.~N. and 
    {Bracker}, S. and {Briegel}, C. and {Briggs}, J.~W. and {Brinkmann}, J. and 
    {Brunner}, R. and {Burles}, S. and {Carey}, L. and {Carr}, M.~A. and 
    {Castander}, F.~J. and {Chen}, B. and {Colestock}, P.~L. and 
    {Connolly}, A.~J. and {Crocker}, J.~H. and {Csabai}, I. and 
    {Czarapata}, P.~C. and {Davis}, J.~E. and {Doi}, M. and {Dombeck}, T. and 
    {Eisenstein}, D. and {Ellman}, N. and {Elms}, B.~R. and {Evans}, M.~L. and 
    {Fan}, X. and {Federwitz}, G.~R. and {Fiscelli}, L. and {Friedman}, S. and 
    {Frieman}, J.~A. and {Fukugita}, M. and {Gillespie}, B. and 
    {Gunn}, J.~E. and {Gurbani}, V.~K. and {de Haas}, E. and {Haldeman}, M. and 
    {Harris}, F.~H. and {Hayes}, J. and {Heckman}, T.~M. and {Hennessy}, G.~S. and 
    {Hindsley}, R.~B. and {Holm}, S. and {Holmgren}, D.~J. and {Huang}, C.-h. and 
    {Hull}, C. and {Husby}, D. and {Ichikawa}, S.-I. and {Ichikawa}, T. and 
    {Ivezi{\'c}}, {\v Z}. and {Kent}, S. and {Kim}, R.~S.~J. and 
    {Kinney}, E. and {Klaene}, M. and {Kleinman}, A.~N. and {Kleinman}, S. and 
    {Knapp}, G.~R. and {Korienek}, J. and {Kron}, R.~G. and {Kunszt}, P.~Z. and 
    {Lamb}, D.~Q. and {Lee}, B. and {Leger}, R.~F. and {Limmongkol}, S. and 
    {Lindenmeyer}, C. and {Long}, D.~C. and {Loomis}, C. and {Loveday}, J. and 
    {Lucinio}, R. and {Lupton}, R.~H. and {MacKinnon}, B. and {Mannery}, E.~J. and 
    {Mantsch}, P.~M. and {Margon}, B. and {McGehee}, P. and {McKay}, T.~A. and 
    {Meiksin}, A. and {Merelli}, A. and {Monet}, D.~G. and {Munn}, J.~A. and 
    {Narayanan}, V.~K. and {Nash}, T. and {Neilsen}, E. and {Neswold}, R. and 
    {Newberg}, H.~J. and {Nichol}, R.~C. and {Nicinski}, T. and 
    {Nonino}, M. and {Okada}, N. and {Okamura}, S. and {Ostriker}, J.~P. and 
    {Owen}, R. and {Pauls}, A.~G. and {Peoples}, J. and {Peterson}, R.~L. and 
    {Petravick}, D. and {Pier}, J.~R. and {Pope}, A. and {Pordes}, R. and 
    {Prosapio}, A. and {Rechenmacher}, R. and {Quinn}, T.~R. and 
    {Richards}, G.~T. and {Richmond}, M.~W. and {Rivetta}, C.~H. and 
    {Rockosi}, C.~M. and {Ruthmansdorfer}, K. and {Sandford}, D. and 
    {Schlegel}, D.~J. and {Schneider}, D.~P. and {Sekiguchi}, M. and 
    {Sergey}, G. and {Shimasaku}, K. and {Siegmund}, W.~A. and {Smee}, S. and 
    {Smith}, J.~A. and {Snedden}, S. and {Stone}, R. and {Stoughton}, C. and 
    {Strauss}, M.~A. and {Stubbs}, C. and {SubbaRao}, M. and {Szalay}, A.~S. and 
    {Szapudi}, I. and {Szokoly}, G.~P. and {Thakar}, A.~R. and {Tremonti}, C. and 
    {Tucker}, D.~L. and {Uomoto}, A. and {Vanden Berk}, D. and {Vogeley}, M.~S. and 
    {Waddell}, P. and {Wang}, S.-i. and {Watanabe}, M. and {Weinberg}, D.~H. and 
    {Yanny}, B. and {Yasuda}, N. and {SDSS Collaboration}},
    title = "{The Sloan Digital Sky Survey: Technical Summary}",
  journal = {\aj},
   eprint = {astro-ph/0006396},
 keywords = {Cosmology: Observations, Instrumentation: Miscellaneous},
     year = 2000,
    month = sep,
   volume = 120,
    pages = {1579-1587},
      doi = {10.1086/301513},
   adsurl = {http://adsabs.harvard.edu/abs/2000AJ....120.1579Y},
  adsnote = {Provided by the SAO/NASA Astrophysics Data System}
}

@ARTICLE{zolotov12,
   author = {{Zolotov}, A. and {Brooks}, A.~M. and {Willman}, B. and {Governato}, F. and 
    {Pontzen}, A. and {Christensen}, C. and {Dekel}, A. and {Quinn}, T. and 
    {Shen}, S. and {Wadsley}, J.},
    title = "{Baryons Matter: Why Luminous Satellite Galaxies have Reduced Central Masses}",
  journal = {\apj},
archivePrefix = "arXiv",
   eprint = {1207.0007},
 keywords = {galaxies: dwarf, Galaxy: halo},
     year = 2012,
    month = dec,
   volume = 761,
      eid = {71},
    pages = {71},
      doi = {10.1088/0004-637X/761/1/71},
   adsurl = {http://adsabs.harvard.edu/abs/2012ApJ...761...71Z},
  adsnote = {Provided by the SAO/NASA Astrophysics Data System}
}

@ARTICLE{dejong13,
   author = {{de Jong}, J.~T.~A. and {Kuijken}, K. and {Applegate}, D. and 
    {Begeman}, K. and {Belikov}, A. and {Blake}, C. and {Bout}, J. and 
    {Boxhoorn}, D. and {Buddelmeijer}, H. and {Buddendiek}, A. and 
    {Cacciato}, M. and {Capaccioli}, M. and {Choi}, A. and {Cordes}, O. and 
    {Covone}, G. and {Dall'Ora}, M. and {Edge}, A. and {Erben}, T. and 
    {Franse}, J. and {Getman}, F. and {Grado}, A. and {Harnois-Deraps}, J. and 
    {Helmich}, E. and {Herbonnet}, R. and {Heymans}, C. and {Hildebrandt}, H. and 
    {Hoekstra}, H. and {Huang}, Z. and {Irisarri}, N. and {Joachimi}, B. and 
    {K{\"o}hlinger}, F. and {Kitching}, T. and {La Barbera}, F. and 
    {Lacerda}, P. and {McFarland}, J. and {Miller}, L. and {Nakajima}, R. and 
    {Napolitano}, N.~R. and {Paolillo}, M. and {Peacock}, J. and 
    {Pila-Diez}, B. and {Puddu}, E. and {Radovich}, M. and {Rifatto}, A. and 
    {Schneider}, P. and {Schrabback}, T. and {Sifon}, C. and {Sikkema}, G. and 
    {Simon}, P. and {Sutherland}, W. and {Tudorica}, A. and {Valentijn}, E. and 
    {van der Burg}, R. and {van Uitert}, E. and {van Waerbeke}, L. and 
    {Velander}, M. and {Kleijn}, G.~V. and {Viola}, M. and {Vriend}, W.-J.
    },
    title = "{The Kilo-Degree Survey}",
  journal = {The Messenger},
     year = 2013,
    month = dec,
   volume = 154,
    pages = {44-46},
   adsurl = {http://adsabs.harvard.edu/abs/2013Msngr.154...44J},
  adsnote = {Provided by the SAO/NASA Astrophysics Data System}
}

@ARTICLE{dejong15,
   author = {{de Jong}, J.~T.~A. and {Verdoes Kleijn}, G.~A. and {Boxhoorn}, D.~R. and 
    {Buddelmeijer}, H. and {Capaccioli}, M. and {Getman}, F. and 
    {Grado}, A. and {Helmich}, E. and {Huang}, Z. and {Irisarri}, N. and 
    {Kuijken}, K. and {La Barbera}, F. and {McFarland}, J.~P. and 
    {Napolitano}, N.~R. and {Radovich}, M. and {Sikkema}, G. and 
    {Valentijn}, E.~A. and {Begeman}, K.~G. and {Brescia}, M. and 
    {Cavuoti}, S. and {Choi}, A. and {Cordes}, O.-M. and {Covone}, G. and 
    {Dall'Ora}, M. and {Hildebrandt}, H. and {Longo}, G. and {Nakajima}, R. and 
    {Paolillo}, M. and {Puddu}, E. and {Rifatto}, A. and {Tortora}, C. and 
    {van Uitert}, E. and {Buddendiek}, A. and {Harnois-D{\'e}raps}, J. and 
    {Erben}, T. and {Eriksen}, M.~B. and {Heymans}, C. and {Hoekstra}, H. and 
    {Joachimi}, B. and {Kitching}, T.~D. and {Klaes}, D. and {Koopmans}, L.~V.~E. and 
    {K{\"o}hlinger}, F. and {Roy}, N. and {Sif{\'o}n}, C. and {Schneider}, P. and 
    {Sutherland}, W.~J. and {Viola}, M. and {Vriend}, W.-J.},
    title = "{The first and second data releases of the Kilo-Degree Survey}",
  journal = {\aap},
archivePrefix = "arXiv",
   eprint = {1507.00742},
 keywords = {methods: observational, surveys, galaxies: general, large-scale structure of 
Universe},
     year = 2015,
    month = oct,
   volume = 582,
      eid = {A62},
    pages = {A62},
      doi = {10.1051/0004-6361/201526601},
   adsurl = {http://adsabs.harvard.edu/abs/2015A%26A...582A..62D},
  adsnote = {Provided by the SAO/NASA Astrophysics Data System}
}

@ARTICLE{vdbosch05,
   author = {{van den Bosch}, F.~C. and {Tormen}, G. and {Giocoli}, C.},
    title = "{The mass function and average mass-loss rate of dark matter subhaloes}",
  journal = {\mnras},
   eprint = {astro-ph/0409201},
 keywords = {methods: statistical, galaxies: haloes, cosmology: theory, dark matter},
     year = 2005,
    month = may,
   volume = 359,
    pages = {1029-1040},
      doi = {10.1111/j.1365-2966.2005.08964.x},
   adsurl = {http://adsabs.harvard.edu/abs/2005MNRAS.359.1029V},
  adsnote = {Provided by the SAO/NASA Astrophysics Data System}
}

@ARTICLE{vanuitert16,
   author = {{van Uitert}, E. and {Cacciato}, M. and {Hoekstra}, H. and {Brouwer}, M. and 
    {Sif{\'o}n}, C. and {Viola}, M. and {Baldry}, I. and {Bland-Hawthorn}, J. and 
    {Brough}, S. and {Brown}, M.~J.~I. and {Choi}, A. and {Driver}, S.~P. and 
    {Erben}, T. and {Heymans}, C. and {Hildebrandt}, H. and {Joachimi}, B. and 
    {Kuijken}, K. and {Liske}, J. and {Loveday}, J. and {McFarland}, J. and 
    {Miller}, L. and {Nakajima}, R. and {Peacock}, J. and {Radovich}, M. and 
    {Robotham}, A.~S.~G. and {Schneider}, P. and {Sikkema}, G. and 
    {Verdoes Kleijn}, G.},
    title = "{The stellar-to-halo mass relation of GAMA galaxies from 100 square degrees of 
KiDS weak lensing data}",
  journal = {\mnras},
archivePrefix = "arXiv",
   eprint = {1601.06791},
 keywords = {gravitational lensing: weak, methods: observational, galaxies: haloes, 
galaxies: luminosity function, mass function, galaxies: groups: general},
     year = 2016,
    month = apr,
      doi = {10.1093/mnras/stw747},
   adsurl = {http://adsabs.harvard.edu/abs/2016MNRAS.tmp..601V},
  adsnote = {Provided by the SAO/NASA Astrophysics Data System}
}

