@ARTICLE{afshordi08,
   author = {{Afshordi}, N.},
    title = "{Fundamental Plane of Sunyaev-Zel'dovich Clusters}",
  journal = {\apj},
archivePrefix = "arXiv",
   eprint = {0704.2416},
 keywords = {cosmic microwave background, cosmological parameters, diffuse radiation, 
galaxies: clusters: general, X-rays: galaxies: clusters },
     year = 2008,
    month = oct,
   volume = 686,
      eid = {201-205},
    pages = {201-205},
      doi = {10.1086/591307},
   adsurl = {http://adsabs.harvard.edu/abs/2008ApJ...686..201A},
  adsnote = {Provided by the SAO/NASA Astrophysics Data System}
}

@ARTICLE{sdss8,
   author = {{Aihara}, H. and {Allende Prieto}, C. and {An}, D. and {Anderson}, S.~F. and 
    {Aubourg}, {\'E}. and {Balbinot}, E. and {Beers}, T.~C. and 
    {Berlind}, A.~A. and {Bickerton}, S.~J. and {Bizyaev}, D. and 
    {Blanton}, M.~R. and {Bochanski}, J.~J. and {Bolton}, A.~S. and 
    {Bovy}, J. and {Brandt}, W.~N. and {Brinkmann}, J. and {Brown}, P.~J. and 
    {Brownstein}, J.~R. and {Busca}, N.~G. and {Campbell}, H. and 
    {Carr}, M.~A. and {Chen}, Y. and {Chiappini}, C. and {Comparat}, J. and 
    {Connolly}, N. and {Cortes}, M. and {Croft}, R.~A.~C. and {Cuesta}, A.~J. and 
    {da Costa}, L.~N. and {Davenport}, J.~R.~A. and {Dawson}, K. and 
    {Dhital}, S. and {Ealet}, A. and {Ebelke}, G.~L. and {Edmondson}, E.~M. and 
    {Eisenstein}, D.~J. and {Escoffier}, S. and {Esposito}, M. and 
    {Evans}, M.~L. and {Fan}, X. and {Femen{\'{\i}}a Castell{\'a}}, B. and 
    {Font-Ribera}, A. and {Frinchaboy}, P.~M. and {Ge}, J. and {Gillespie}, B.~A. and 
    {Gilmore}, G. and {Gonz{\'a}lez Hern{\'a}ndez}, J.~I. and {Gott}, J.~R. and 
    {Gould}, A. and {Grebel}, E.~K. and {Gunn}, J.~E. and {Hamilton}, J.-C. and 
    {Harding}, P. and {Harris}, D.~W. and {Hawley}, S.~L. and {Hearty}, F.~R. and 
    {Ho}, S. and {Hogg}, D.~W. and {Holtzman}, J.~A. and {Honscheid}, K. and 
    {Inada}, N. and {Ivans}, I.~I. and {Jiang}, L. and {Johnson}, J.~A. and 
    {Jordan}, C. and {Jordan}, W.~P. and {Kazin}, E.~A. and {Kirkby}, D. and 
    {Klaene}, M.~A. and {Knapp}, G.~R. and {Kneib}, J.-P. and {Kochanek}, C.~S. and 
    {Koesterke}, L. and {Kollmeier}, J.~A. and {Kron}, R.~G. and 
    {Lampeitl}, H. and {Lang}, D. and {Le Goff}, J.-M. and {Lee}, Y.~S. and 
    {Lin}, Y.-T. and {Long}, D.~C. and {Loomis}, C.~P. and {Lucatello}, S. and 
    {Lundgren}, B. and {Lupton}, R.~H. and {Ma}, Z. and {MacDonald}, N. and 
    {Mahadevan}, S. and {Maia}, M.~A.~G. and {Makler}, M. and {Malanushenko}, E. and 
    {Malanushenko}, V. and {Mandelbaum}, R. and {Maraston}, C. and 
    {Margala}, D. and {Masters}, K.~L. and {McBride}, C.~K. and 
    {McGehee}, P.~M. and {McGreer}, I.~D. and {M{\'e}nard}, B. and 
    {Miralda-Escud{\'e}}, J. and {Morrison}, H.~L. and {Mullally}, F. and 
    {Muna}, D. and {Munn}, J.~A. and {Murayama}, H. and {Myers}, A.~D. and 
    {Naugle}, T. and {Neto}, A.~F. and {Nguyen}, D.~C. and {Nichol}, R.~C. and 
    {O'Connell}, R.~W. and {Ogando}, R.~L.~C. and {Olmstead}, M.~D. and 
    {Oravetz}, D.~J. and {Padmanabhan}, N. and {Palanque-Delabrouille}, N. and 
    {Pan}, K. and {Pandey}, P. and {P{\^a}ris}, I. and {Percival}, W.~J. and 
    {Petitjean}, P. and {Pfaffenberger}, R. and {Pforr}, J. and 
    {Phleps}, S. and {Pichon}, C. and {Pieri}, M.~M. and {Prada}, F. and 
    {Price-Whelan}, A.~M. and {Raddick}, M.~J. and {Ramos}, B.~H.~F. and 
    {Reyl{\'e}}, C. and {Rich}, J. and {Richards}, G.~T. and {Rix}, H.-W. and 
    {Robin}, A.~C. and {Rocha-Pinto}, H.~J. and {Rockosi}, C.~M. and 
    {Roe}, N.~A. and {Rollinde}, E. and {Ross}, A.~J. and {Ross}, N.~P. and 
    {Rossetto}, B.~M. and {S{\'a}nchez}, A.~G. and {Sayres}, C. and 
    {Schlegel}, D.~J. and {Schlesinger}, K.~J. and {Schmidt}, S.~J. and 
    {Schneider}, D.~P. and {Sheldon}, E. and {Shu}, Y. and {Simmerer}, J. and 
    {Simmons}, A.~E. and {Sivarani}, T. and {Snedden}, S.~A. and 
    {Sobeck}, J.~S. and {Steinmetz}, M. and {Strauss}, M.~A. and 
    {Szalay}, A.~S. and {Tanaka}, M. and {Thakar}, A.~R. and {Thomas}, D. and 
    {Tinker}, J.~L. and {Tofflemire}, B.~M. and {Tojeiro}, R. and 
    {Tremonti}, C.~A. and {Vandenberg}, J. and {Vargas Maga{\~n}a}, M. and 
    {Verde}, L. and {Vogt}, N.~P. and {Wake}, D.~A. and {Wang}, J. and 
    {Weaver}, B.~A. and {Weinberg}, D.~H. and {White}, M. and {White}, S.~D.~M. and 
    {Yanny}, B. and {Yasuda}, N. and {Yeche}, C. and {Zehavi}, I.
    },
    title = "{The Eighth Data Release of the Sloan Digital Sky Survey: First Data from 
SDSS-III}",
  journal = {\apjs},
archivePrefix = "arXiv",
   eprint = {1101.1559},
 primaryClass = "astro-ph.IM",
 keywords = {atlases, catalogs, surveys},
     year = 2011,
    month = apr,
   volume = 193,
      eid = {29},
    pages = {29},
      doi = {10.1088/0067-0049/193/2/29},
   adsurl = {http://adsabs.harvard.edu/abs/2011ApJS..193...29A},
  adsnote = {Provided by the SAO/NASA Astrophysics Data System}
}

@ARTICLE{sdss12,
   author = {{Alam}, S. and {Albareti}, F.~D. and {Allende Prieto}, C. and 
    {Anders}, F. and {Anderson}, S.~F. and {Anderton}, T. and {Andrews}, B.~H. and 
    {Armengaud}, E. and {Aubourg}, {\'E}. and {Bailey}, S. and et al.},
    title = "{The Eleventh and Twelfth Data Releases of the Sloan Digital Sky Survey: Final 
Data from SDSS-III}",
  journal = {\apjs},
archivePrefix = "arXiv",
   eprint = {1501.00963},
 primaryClass = "astro-ph.IM",
 keywords = {atlases, catalogs, surveys},
     year = 2015,
    month = jul,
   volume = 219,
      eid = {12},
    pages = {12},
      doi = {10.1088/0067-0049/219/1/12},
   adsurl = {http://adsabs.harvard.edu/abs/2015ApJS..219...12A},
  adsnote = {Provided by the SAO/NASA Astrophysics Data System}
}

@ARTICLE{allen11,
   author = {{Allen}, S.~W. and {Evrard}, A.~E. and {Mantz}, A.~B.},
    title = "{Cosmological Parameters from Observations of Galaxy Clusters}",
  journal = {\araa},
archivePrefix = "arXiv",
   eprint = {1103.4829},
 primaryClass = "astro-ph.CO",
     year = 2011,
    month = sep,
   volume = 49,
    pages = {409-470},
      doi = {10.1146/annurev-astro-081710-102514},
   adsurl = {http://adsabs.harvard.edu/abs/2011ARA%26A..49..409A},
  adsnote = {Provided by the SAO/NASA Astrophysics Data System}
}

@ARTICLE{andersson11,
   author = {{Andersson}, K. and {Benson}, B.~A. and {Ade}, P.~A.~R. and 
    {Aird}, K.~A. and {Armstrong}, B. and {Bautz}, M. and {Bleem}, L.~E. and 
    {Brodwin}, M. and {Carlstrom}, J.~E. and {Chang}, C.~L. and 
    {Crawford}, T.~M. and {Crites}, A.~T. and {de Haan}, T. and 
    {Desai}, S. and {Dobbs}, M.~A. and {Dudley}, J.~P. and {Foley}, R.~J. and 
    {Forman}, W.~R. and {Garmire}, G. and {George}, E.~M. and {Gladders}, M.~D. and 
    {Halverson}, N.~W. and {High}, F.~W. and {Holder}, G.~P. and 
    {Holzapfel}, W.~L. and {Hrubes}, J.~D. and {Jones}, C. and {Joy}, M. and 
    {Keisler}, R. and {Knox}, L. and {Lee}, A.~T. and {Leitch}, E.~M. and 
    {Lueker}, M. and {Marrone}, D.~P. and {McMahon}, J.~J. and {Mehl}, J. and 
    {Meyer}, S.~S. and {Mohr}, J.~J. and {Montroy}, T.~E. and {Murray}, S.~S. and 
    {Padin}, S. and {Plagge}, T. and {Pryke}, C. and {Reichardt}, C.~L. and 
    {Rest}, A. and {Ruel}, J. and {Ruhl}, J.~E. and {Schaffer}, K.~K. and 
    {Shaw}, L. and {Shirokoff}, E. and {Song}, J. and {Spieler}, H.~G. and 
    {Stalder}, B. and {Staniszewski}, Z. and {Stark}, A.~A. and 
    {Stubbs}, C.~W. and {Vanderlinde}, K. and {Vieira}, J.~D. and 
    {Vikhlinin}, A. and {Williamson}, R. and {Yang}, Y. and {Zahn}, O. and 
    {Zenteno}, A.},
    title = "{X-Ray Properties of the First Sunyaev-Zel'dovich Effect Selected Galaxy 
Cluster Sample from the South Pole Telescope}",
  journal = {\apj},
archivePrefix = "arXiv",
   eprint = {1006.3068},
 primaryClass = "astro-ph.CO",
 keywords = {galaxies: clusters: intracluster medium, X-rays: galaxies: clusters},
     year = 2011,
    month = sep,
   volume = 738,
      eid = {48},
    pages = {48},
      doi = {10.1088/0004-637X/738/1/48},
   adsurl = {http://adsabs.harvard.edu/abs/2011ApJ...738...48A},
  adsnote = {Provided by the SAO/NASA Astrophysics Data System}
}

@ARTICLE{andreon08,
   author = {{Andreon}, S. and {de Propris}, R. and {Puddu}, E. and {Giordano}, L. 
and 
    {Quintana}, H.},
    title = "{Scaling relations of the colour-detected cluster RzCS 052 at z = 
1.016 and some other high-redshift clusters}",
  journal = {\mnras},
archivePrefix = "arXiv",
   eprint = {0710.1023},
 keywords = {methods: statistical , galaxies: clusters: general , galaxies: 
clusters: individual: RzCS 052 , galaxies: evolution , dark matter , X-rays: 
galaxies: clusters},
     year = 2008,
    month = jan,
   volume = 383,
    pages = {102-112},
      doi = {10.1111/j.1365-2966.2007.12541.x},
   adsurl = {http://cdsads.u-strasbg.fr/abs/2008MNRAS.383..102A},
  adsnote = {Provided by the SAO/NASA Astrophysics Data System}
}

@ARTICLE{annis14,
   author = {{Annis}, J. and {Soares-Santos}, M. and {Strauss}, M.~A. and 
    {Becker}, A.~C. and {Dodelson}, S. and {Fan}, X. and {Gunn}, J.~E. and 
    {Hao}, J. and {Ivezi{\'c}}, {\v Z}. and {Jester}, S. and {Jiang}, L. and 
    {Johnston}, D.~E. and {Kubo}, J.~M. and {Lampeitl}, H. and {Lin}, H. and 
    {Lupton}, R.~H. and {Miknaitis}, G. and {Seo}, H.-J. and {Simet}, M. and 
    {Yanny}, B.},
    title = "{The Sloan Digital Sky Survey Coadd: 275 deg$^{2}$ of Deep Sloan Digital Sky 
Survey Imaging on Stripe 82}",
  journal = {\apj},
archivePrefix = "arXiv",
   eprint = {1111.6619},
 keywords = {atlases, catalogs, surveys},
     year = 2014,
    month = oct,
   volume = 794,
      eid = {120},
    pages = {120},
      doi = {10.1088/0004-637X/794/2/120},
   adsurl = {http://adsabs.harvard.edu/abs/2014ApJ...794..120A},
  adsnote = {Provided by the SAO/NASA Astrophysics Data System}
}

@ARTICLE{arnaud10,
   author = {{Arnaud}, M. and {Pratt}, G.~W. and {Piffaretti}, R. and {B{\"o}hringer}, H. 
and 
    {Croston}, J.~H. and {Pointecouteau}, E.},
    title = "{The universal galaxy cluster pressure profile from a representative sample of 
nearby systems (REXCESS) and the Y$_{SZ}$ - M$_{500}$ relation}",
  journal = {\aap},
archivePrefix = "arXiv",
   eprint = {0910.1234},
 keywords = {cosmology: observations, dark matter, galaxies: clusters: general, 
intergalactic, medium, X-rays: galaxies: clusters},
     year = 2010,
    month = jul,
   volume = 517,
      eid = {A92},
    pages = {A92},
      doi = {10.1051/0004-6361/200913416},
   adsurl = {http://adsabs.harvard.edu/abs/2010A%26A...517A..92A},
  adsnote = {Provided by the SAO/NASA Astrophysics Data System}
}

@ARTICLE{bohringer10,
   author = {{B{\"o}hringer}, H. and {Pratt}, G.~W. and {Arnaud}, M. and 
    {Borgani}, S. and {Croston}, J.~H. and {Ponman}, T.~J. and {Ameglio}, S. and 
    {Temple}, R.~F. and {Dolag}, K.},
    title = "{Substructure of the galaxy clusters in the REXCESS sample: observed statistics 
and comparison to numerical simulations}",
  journal = {\aap},
archivePrefix = "arXiv",
   eprint = {0912.4667},
 keywords = {X-rays: galaxies: clusters, galaxies: clusters: intracluster medium, cosmology: 
observations},
     year = 2010,
    month = may,
   volume = 514,
      eid = {A32},
    pages = {A32},
      doi = {10.1051/0004-6361/200913911},
   adsurl = {http://adsabs.harvard.edu/abs/2010A%26A...514A..32B},
  adsnote = {Provided by the SAO/NASA Astrophysics Data System}
}

@ARTICLE{barrena09,
   author = {{Barrena}, R. and {Girardi}, M. and {Boschin}, W. and {Das{\'{\i}}}, M.
    },
    title = "{Internal dynamics of Abell 1240: a galaxy cluster with symmetric double radio 
relics}",
  journal = {\aap},
archivePrefix = "arXiv",
   eprint = {0905.3011},
 keywords = {galaxies: clusters: individual: Abell 1240, galaxies: clusters: individual: 
Abell 1237, galaxies: clusters: general, galaxies: distances and redshifts},
     year = 2009,
    month = aug,
   volume = 503,
    pages = {357-371},
      doi = {10.1051/0004-6361/200911788},
   adsurl = {http://adsabs.harvard.edu/abs/2009A%26A...503..357B},
  adsnote = {Provided by the SAO/NASA Astrophysics Data System}
}

@ARTICLE{battaglia12,
   author = {{Battaglia}, N. and {Bond}, J.~R. and {Pfrommer}, C. and {Sievers}, J.~L.
    },
    title = "{On the Cluster Physics of Sunyaev-Zel'dovich and X-Ray Surveys. I. The 
Influence of Feedback, Non-thermal Pressure, and Cluster Shapes on Y-M Scaling Relations}",
  journal = {\apj},
archivePrefix = "arXiv",
   eprint = {1109.3709},
 keywords = {cosmic background radiation, cosmology: theory, galaxies: clusters: general, 
large-scale structure of universe, methods: numerical},
     year = 2012,
    month = oct,
   volume = 758,
      eid = {74},
    pages = {74},
      doi = {10.1088/0004-637X/758/2/74},
   adsurl = {http://adsabs.harvard.edu/abs/2012ApJ...758...74B},
  adsnote = {Provided by the SAO/NASA Astrophysics Data System}
}

@ARTICLE{battaglia16,
   author = {{Battaglia}, N. and {Leauthaud}, A. and {Miyatake}, H. and {Hasselfield}, M. 
and 
    {Gralla}, M.~B. and {Allison}, R. and {Bond}, J.~R. and {Calabrese}, E. and 
    {Crichton}, D. and {Devlin}, M.~J. and {Dunkley}, J. and {D{\"u}nner}, R. and 
    {Erben}, T. and {Ferrara}, S. and {Halpern}, M. and {Hilton}, M. and 
    {Hill}, J.~C. and {Hincks}, A.~D. and {Hlo{\v z}ek}, R. and 
    {Huffenberger}, K.~M. and {Hughes}, J.~P. and {Kneib}, J.~P. and 
    {Kosowsky}, A. and {Makler}, M. and {Marriage}, T.~A. and {Menanteau}, F. and 
    {Miller}, L. and {Moodley}, K. and {Moraes}, B. and {Niemack}, M.~D. and 
    {Page}, L. and {Shan}, H. and {Sehgal}, N. and {Sherwin}, B.~D. and 
    {Sievers}, J.~L. and {Sif{\'o}n}, C. and {Spergel}, D.~N. and 
    {Staggs}, S.~T. and {Taylor}, J. and {Thornton}, R. and {van Waerbeke}, L. and 
    {Wollack}, E.~J.},
    title = "{Weak-Lensing Mass Calibration of the Atacama Cosmology Telescope Equatorial 
Sunyaev-Zeldovich Cluster Sample with the Canada-France-Hawaii Telescope Stripe 82 Survey}",
  journal = {ArXiv e-prints},
archivePrefix = "arXiv",
   eprint = {1509.08930},
 keywords = {Astrophysics - Cosmology and Nongalactic Astrophysics},
     year = 2015,
    month = sep,
   adsurl = {http://adsabs.harvard.edu/abs/2015arXiv150908930B},
  adsnote = {Provided by the SAO/NASA Astrophysics Data System}
}

@ARTICLE{becker95,
   author = {{Becker}, R.~H. and {White}, R.~L. and {Helfand}, D.~J.},
    title = "{The FIRST Survey: Faint Images of the Radio Sky at Twenty Centimeters}",
  journal = {\apj},
 keywords = {RADIO CONTINUUM: GENERAL, SURVEYS},
     year = 1995,
    month = sep,
   volume = 450,
    pages = {559},
      doi = {10.1086/176166},
   adsurl = {http://adsabs.harvard.edu/abs/1995ApJ...450..559B},
  adsnote = {Provided by the SAO/NASA Astrophysics Data System}
}

@ARTICLE{beers90,
   author = {{Beers}, T.~C. and {Flynn}, K. and {Gebhardt}, K.},
    title = "{Measures of location and scale for velocities in clusters of galaxies - A 
robust approach}",
  journal = {\aj},
 keywords = {Galactic Clusters, Position (Location), Radial Velocity, Robustness 
(Mathematics), Astronomical Coordinates, Normal Density Functions, Velocity Distribution},
     year = 1990,
    month = jul,
   volume = 100,
    pages = {32-46},
      doi = {10.1086/115487},
   adsurl = {http://adsabs.harvard.edu/abs/1990AJ....100...32B},
  adsnote = {Provided by the SAO/NASA Astrophysics Data System}
}

@ARTICLE{benitez00,
   author = {{Ben{\'{\i}}tez}, N.},
    title = "{Bayesian Photometric Redshift Estimation}",
  journal = {\apj},
   eprint = {astro-ph/9811189},
 keywords = {Galaxies: Distances and Redshifts, Galaxies: Photometry, Methods: 
Statistical},
     year = 2000,
    month = jun,
   volume = 536,
    pages = {571-583},
      doi = {10.1086/308947},
   adsurl = {http://adsabs.harvard.edu/abs/2000ApJ...536..571B},
  adsnote = {Provided by the SAO/NASA Astrophysics Data System}
}

@ARTICLE{benson13,
   author = {{Benson}, B.~A. and {de Haan}, T. and {Dudley}, J.~P. and {Reichardt}, C.~L. and 
    {Aird}, K.~A. and {Andersson}, K. and {Armstrong}, R. and {Ashby}, M.~L.~N. and 
    {Bautz}, M. and {Bayliss}, M. and {Bazin}, G. and {Bleem}, L.~E. and 
    {Brodwin}, M. and {Carlstrom}, J.~E. and {Chang}, C.~L. and 
    {Cho}, H.~M. and {Clocchiatti}, A. and {Crawford}, T.~M. and 
    {Crites}, A.~T. and {Desai}, S. and {Dobbs}, M.~A. and {Foley}, R.~J. and 
    {Forman}, W.~R. and {George}, E.~M. and {Gladders}, M.~D. and 
    {Gonzalez}, A.~H. and {Halverson}, N.~W. and {Harrington}, N. and 
    {High}, F.~W. and {Holder}, G.~P. and {Holzapfel}, W.~L. and 
    {Hoover}, S. and {Hrubes}, J.~D. and {Jones}, C. and {Joy}, M. and 
    {Keisler}, R. and {Knox}, L. and {Lee}, A.~T. and {Leitch}, E.~M. and 
    {Liu}, J. and {Lueker}, M. and {Luong-Van}, D. and {Mantz}, A. and 
    {Marrone}, D.~P. and {McDonald}, M. and {McMahon}, J.~J. and 
    {Mehl}, J. and {Meyer}, S.~S. and {Mocanu}, L. and {Mohr}, J.~J. and 
    {Montroy}, T.~E. and {Murray}, S.~S. and {Natoli}, T. and {Padin}, S. and 
    {Plagge}, T. and {Pryke}, C. and {Rest}, A. and {Ruel}, J. and 
    {Ruhl}, J.~E. and {Saliwanchik}, B.~R. and {Saro}, A. and {Sayre}, J.~T. and 
    {Schaffer}, K.~K. and {Shaw}, L. and {Shirokoff}, E. and {Song}, J. and 
    {Spieler}, H.~G. and {Stalder}, B. and {Staniszewski}, Z. and 
    {Stark}, A.~A. and {Story}, K. and {Stubbs}, C.~W. and {Suhada}, R. and 
    {van Engelen}, A. and {Vanderlinde}, K. and {Vieira}, J.~D. and 
    {Vikhlinin}, A. and {Williamson}, R. and {Zahn}, O. and {Zenteno}, A.
    },
    title = "{Cosmological Constraints from Sunyaev-Zel'dovich-selected Clusters with X-Ray Observations in the First 178 deg$^{2}$ of the South Pole Telescope Survey}",
  journal = {\apj},
archivePrefix = "arXiv",
   eprint = {1112.5435},
 primaryClass = "astro-ph.CO",
 keywords = {cosmic background radiation, cosmology: observations, galaxies: clusters: general, large-scale structure of universe},
     year = 2013,
    month = feb,
   volume = 763,
      eid = {147},
    pages = {147},
      doi = {10.1088/0004-637X/763/2/147},
   adsurl = {http://adsabs.harvard.edu/abs/2013ApJ...763..147B},
  adsnote = {Provided by the SAO/NASA Astrophysics Data System}
}

@ARTICLE{biviano06,
   author = {{Biviano}, A. and {Murante}, G. and {Borgani}, S. and {Diaferio}, A. and 
    {Dolag}, K. and {Girardi}, M.},
    title = "{On the efficiency and reliability of cluster mass estimates based on member 
galaxies}",
  journal = {\aap},
   eprint = {astro-ph/0605151},
 keywords = {galaxies: clusters: general, galaxies: kinematics and dynamics, cosmology: 
observations, methods: N-body simulations},
     year = 2006,
    month = sep,
   volume = 456,
    pages = {23-36},
      doi = {10.1051/0004-6361:20064918},
   adsurl = {http://adsabs.harvard.edu/abs/2006A%26A...456...23B},
  adsnote = {Provided by the SAO/NASA Astrophysics Data System}
}

@ARTICLE{bocquet15,
   author = {{Bocquet}, S. and {Saro}, A. and {Mohr}, J.~J. and {Aird}, K.~A. and 
    {Ashby}, M.~L.~N. and {Bautz}, M. and {Bayliss}, M. and {Bazin}, G. and 
    {Benson}, B.~A. and {Bleem}, L.~E. and {Brodwin}, M. and {Carlstrom}, J.~E. and 
    {Chang}, C.~L. and {Chiu}, I. and {Cho}, H.~M. and {Clocchiatti}, A. and 
    {Crawford}, T.~M. and {Crites}, A.~T. and {Desai}, S. and {de Haan}, T. and 
    {Dietrich}, J.~P. and {Dobbs}, M.~A. and {Foley}, R.~J. and 
    {Forman}, W.~R. and {Gangkofner}, D. and {George}, E.~M. and 
    {Gladders}, M.~D. and {Gonzalez}, A.~H. and {Halverson}, N.~W. and 
    {Hennig}, C. and {Hlavacek-Larrondo}, J. and {Holder}, G.~P. and 
    {Holzapfel}, W.~L. and {Hrubes}, J.~D. and {Jones}, C. and {Keisler}, R. and 
    {Knox}, L. and {Lee}, A.~T. and {Leitch}, E.~M. and {Liu}, J. and 
    {Lueker}, M. and {Luong-Van}, D. and {Marrone}, D.~P. and {McDonald}, M. and 
    {McMahon}, J.~J. and {Meyer}, S.~S. and {Mocanu}, L. and {Murray}, S.~S. and 
    {Padin}, S. and {Pryke}, C. and {Reichardt}, C.~L. and {Rest}, A. and 
    {Ruel}, J. and {Ruhl}, J.~E. and {Saliwanchik}, B.~R. and {Sayre}, J.~T. and 
    {Schaffer}, K.~K. and {Shirokoff}, E. and {Spieler}, H.~G. and 
    {Stalder}, B. and {Stanford}, S.~A. and {Staniszewski}, Z. and 
    {Stark}, A.~A. and {Story}, K. and {Stubbs}, C.~W. and {Vanderlinde}, K. and 
    {Vieira}, J.~D. and {Vikhlinin}, A. and {Williamson}, R. and 
    {Zahn}, O. and {Zenteno}, A.},
    title = "{Mass Calibration and Cosmological Analysis of the SPT-SZ Galaxy Cluster Sample 
Using Velocity Dispersion {$\sigma$}$_{ v }$ and X-Ray Y $_{X}$ Measurements}",
  journal = {\apj},
archivePrefix = "arXiv",
   eprint = {1407.2942},
 keywords = {cosmic background radiation, cosmology: observations, galaxies: clusters: 
individual, large-scale structure of universe},
     year = 2015,
    month = feb,
   volume = 799,
      eid = {214},
    pages = {214},
      doi = {10.1088/0004-637X/799/2/214},
   adsurl = {http://adsabs.harvard.edu/abs/2015ApJ...799..214B},
  adsnote = {Provided by the SAO/NASA Astrophysics Data System}
}

@ARTICLE{bonamente08,
   author = {{Bonamente}, M. and {Joy}, M. and {LaRoque}, S.~J. and {Carlstrom}, 
J.~E. and 
    {Nagai}, D. and {Marrone}, D.~P.},
    title = "{Scaling Relations from Sunyaev-Zel'dovich Effect and Chandra X-Ray 
Measurements of High-Redshift Galaxy Clusters}",
  journal = {\apj},
archivePrefix = "arXiv",
   eprint = {0708.0815},
 keywords = {galaxies: clusters: general },
     year = 2008,
    month = mar,
   volume = 675,
      eid = {106-114},
    pages = {106-114},
      doi = {10.1086/525517},
   adsurl = {http://adsabs.harvard.edu/abs/2008ApJ...675..106B},
  adsnote = {Provided by the SAO/NASA Astrophysics Data System}
}

@ARTICLE{boschin04,
   author = {{Boschin}, W. and {Girardi}, M. and {Barrena}, R. and {Biviano}, A. and 
    {Feretti}, L. and {Ramella}, M.},
    title = "{Internal dynamics of the radio-halo cluster A2219: A multi-wavelength 
analysis}",
  journal = {\aap},
   eprint = {astro-ph/0311497},
 keywords = {galaxies: clusters: general, galaxies: clusters: individual: Abell 2219, 
galaxies: distances and redshifts, intergalactic medium, cosmology: observations},
     year = 2004,
    month = mar,
   volume = 416,
    pages = {839-851},
      doi = {10.1051/0004-6361:20034362},
   adsurl = {http://adsabs.harvard.edu/abs/2004A%26A...416..839B},
  adsnote = {Provided by the SAO/NASA Astrophysics Data System}
}

@ARTICLE{brinchmann04,
   author = {{Brinchmann}, J. and {Charlot}, S. and {White}, S.~D.~M. and 
    {Tremonti}, C. and {Kauffmann}, G. and {Heckman}, T. and {Brinkmann}, J.
    },
    title = "{The physical properties of star-forming galaxies in the low-redshift 
Universe}",
  journal = {\mnras},
   eprint = {astro-ph/0311060},
 keywords = {surveys, galaxies: abundances, galaxies: evolution, galaxies: 
fundamental parameters, galaxies: general},
     year = 2004,
    month = jul,
   volume = 351,
    pages = {1151-1179},
      doi = {10.1111/j.1365-2966.2004.07881.x},
   adsurl = {http://adsabs.harvard.edu/abs/2004MNRAS.351.1151B},
  adsnote = {Provided by the SAO/NASA Astrophysics Data System}
}

@INPROCEEDINGS{burgh03,
   author = {{Burgh}, E.~B. and {Nordsieck}, K.~H. and {Kobulnicky}, H.~A. and 
    {Williams}, T.~B. and {O'Donoghue}, D. and {Smith}, M.~P. and 
    {Percival}, J.~W.},
    title = "{Prime Focus Imaging Spectrograph for the Southern African Large 
Telescope: optical design}",
booktitle = {Instrument Design and Performance for Optical/Infrared Ground-based 
Telescopes},
     year = 2003,
   series = {\procspie},
   volume = 4841,
   editor = {{Iye}, M. and {Moorwood}, A.~F.~M.},
    month = mar,
    pages = {1463-1471},
      doi = {10.1117/12.460312},
   adsurl = {http://adsabs.harvard.edu/abs/2003SPIE.4841.1463B},
  adsnote = {Provided by the SAO/NASA Astrophysics Data System}
}

@ARTICLE{carlberg94,
   author = {{Carlberg}, R.~G.},
    title = "{Velocity bias in clusters}",
  journal = {\apj},
   eprint = {astro-ph/9404005},
 keywords = {Astronomical Models, Bias, Dark Matter, Galactic Clusters, Galactic 
Structure, Gravitation, Marking, Velocity Distribution, Virial Theorem, 
Computerized Simulation, Interacting Galaxies, Mass Distribution, Numerical 
Analysis},
     year = 1994,
    month = oct,
   volume = 433,
    pages = {468-478},
      doi = {10.1086/174659},
   adsurl = {http://adsabs.harvard.edu/abs/1994ApJ...433..468C},
  adsnote = {Provided by the SAO/NASA Astrophysics Data System}
}

@ARTICLE{chang15,
   author = {{Chang}, Y.-Y. and {van der Wel}, A. and {da Cunha}, E. and 
    {Rix}, H.-W.},
    title = "{Stellar Masses and Star Formation Rates for 1M Galaxies from 
SDSS+WISE}",
  journal = {\apjs},
archivePrefix = "arXiv",
   eprint = {1506.00648},
 keywords = {catalogs, galaxies: star formation, galaxies: statistics, galaxies: 
stellar content, infrared: galaxies},
     year = 2015,
    month = jul,
   volume = 219,
      eid = {8},
    pages = {8},
      doi = {10.1088/0067-0049/219/1/8},
   adsurl = {http://adsabs.harvard.edu/abs/2015ApJS..219....8C},
  adsnote = {Provided by the SAO/NASA Astrophysics Data System}
}

@ARTICLE{colin00,
   author = {{Col{\'{\i}}n}, P. and {Klypin}, A.~A. and {Kravtsov}, A.~V.
    },
    title = "{Velocity Bias in a {$\Lambda$} Cold Dark Matter Model}",
  journal = {\apj},
   eprint = {astro-ph/9907337},
 keywords = {Galaxies: Clusters: General, Cosmology: Large-Scale Structure of 
Universe, Methods: n-Body Simulations},
     year = 2000,
    month = aug,
   volume = 539,
    pages = {561-569},
      doi = {10.1086/309248},
   adsurl = {http://adsabs.harvard.edu/abs/2000ApJ...539..561C},
  adsnote = {Provided by the SAO/NASA Astrophysics Data System}
}

@ARTICLE{coziol09,
   author = {{Coziol}, R. and {Andernach}, H. and {Caretta}, C.~A. and 
{Alamo-Mart{\'{\i}}nez}, K.~A. and 
    {Tago}, E.},
    title = "{The Dynamical State of Brightest Cluster Galaxies and The Formation 
of Clusters}",
  journal = {\aj},
archivePrefix = "arXiv",
   eprint = {0903.2360},
 primaryClass = "astro-ph.CO",
 keywords = {galaxies: clusters: general, galaxies: formation, large-scale 
structure of universe},
     year = 2009,
    month = jun,
   volume = 137,
      eid = {4795-4809},
    pages = {4795-4809},
      doi = {10.1088/0004-6256/137/6/4795},
   adsurl = {http://adsabs.harvard.edu/abs/2009AJ....137.4795C},
  adsnote = {Provided by the SAO/NASA Astrophysics Data System}
}

@INPROCEEDINGS{crawford10,
   author = {{Crawford}, S.~M. and {Still}, M. and {Schellart}, P. and {Balona}, 
L. and 
    {Buckley}, D.~A.~H. and {Dugmore}, G. and {Gulbis}, A.~A.~S. and 
    {Kniazev}, A. and {Kotze}, M. and {Loaring}, N. and {Nordsieck}, K.~H. and 
    {Pickering}, T.~E. and {Potter}, S. and {Romero Colmenero}, E. and 
    {Vaisanen}, P. and {Williams}, T. and {Zietsman}, E.},
    title = "{PySALT: the SALT science pipeline}",
booktitle = {Observatory Operations: Strategies, Processes, and Systems III},
     year = 2010,
   series = {\procspie},
   volume = 7737,
    month = jul,
      eid = {773725},
    pages = {773725},
      doi = {10.1117/12.857000},
   adsurl = {http://adsabs.harvard.edu/abs/2010SPIE.7737E..25C},
  adsnote = {Provided by the SAO/NASA Astrophysics Data System}
}

@ARTICLE{dunner13,
   author = {{D{\"u}nner}, R. and {Hasselfield}, M. and {Marriage}, T.~A. and 
    {Sievers}, J. and {Acquaviva}, V. and {Addison}, G.~E. and {Ade}, P.~A.~R. and 
    {Aguirre}, P. and {Amiri}, M. and {Appel}, J.~W. and {Barrientos}, L.~F. and 
    {Battistelli}, E.~S. and {Bond}, J.~R. and {Brown}, B. and {Burger}, B. and 
    {Calabrese}, E. and {Chervenak}, J. and {Das}, S. and {Devlin}, M.~J. and 
    {Dicker}, S.~R. and {Bertrand Doriese}, W. and {Dunkley}, J. and 
    {Essinger-Hileman}, T. and {Fisher}, R.~P. and {Gralla}, M.~B. and 
    {Fowler}, J.~W. and {Hajian}, A. and {Halpern}, M. and 
{Hern{\'a}ndez-Monteagudo}, C. and 
    {Hilton}, G.~C. and {Hilton}, M. and {Hincks}, A.~D. and {Hlozek}, R. and 
    {Huffenberger}, K.~M. and {Hughes}, D.~H. and {Hughes}, J.~P. and 
    {Infante}, L. and {Irwin}, K.~D. and {Baptiste Juin}, J. and 
    {Kaul}, M. and {Klein}, J. and {Kosowsky}, A. and {Lau}, J.~M. and 
    {Limon}, M. and {Lin}, Y.-T. and {Louis}, T. and {Lupton}, R.~H. and 
    {Marsden}, D. and {Martocci}, K. and {Mauskopf}, P. and {Menanteau}, F. and 
    {Moodley}, K. and {Moseley}, H. and {Netterfield}, C.~B. and 
    {Niemack}, M.~D. and {Nolta}, M.~R. and {Page}, L.~A. and {Parker}, L. and 
    {Partridge}, B. and {Quintana}, H. and {Reid}, B. and {Sehgal}, N. and 
    {Sherwin}, B.~D. and {Spergel}, D.~N. and {Staggs}, S.~T. and 
    {Swetz}, D.~S. and {Switzer}, E.~R. and {Thornton}, R. and {Trac}, H. and 
    {Tucker}, C. and {Warne}, R. and {Wilson}, G. and {Wollack}, E. and 
    {Zhao}, Y.},
    title = "{The Atacama Cosmology Telescope: Data Characterization and 
Mapmaking}",
  journal = {\apj},
archivePrefix = "arXiv",
   eprint = {1208.0050},
 primaryClass = "astro-ph.IM",
 keywords = {cosmic background radiation, cosmology: observations, 
instrumentation: miscellaneous},
     year = 2013,
    month = jan,
   volume = 762,
      eid = {10},
    pages = {10},
      doi = {10.1088/0004-637X/762/1/10},
   adsurl = {http://adsabs.harvard.edu/abs/2013ApJ...762...10D},
  adsnote = {Provided by the SAO/NASA Astrophysics Data System}
}

@ARTICLE{danese80,
   author = {{Danese}, L. and {de Zotti}, G. and {di Tullio}, G.},
    title = "{On velocity dispersions of galaxies in rich clusters}",
  journal = {\aap},
 keywords = {Galactic Clusters, Radial Velocity, Velocity Distribution, Error Analysis, 
Mean, Red Shift},
     year = 1980,
    month = feb,
   volume = 82,
    pages = {322-327},
   adsurl = {http://adsabs.harvard.edu/abs/1980A%26A....82..322D},
  adsnote = {Provided by the SAO/NASA Astrophysics Data System}
}

@ARTICLE{dressler88,
   author = {{Dressler}, A. and {Shectman}, S.~A.},
    title = "{Evidence for substructure in rich clusters of galaxies from radial-velocity 
measurements}",
  journal = {\aj},
 keywords = {Galactic Clusters, Radial Velocity, Statistical Analysis, Velocity Measurement, 
Cosmology, Histograms},
     year = 1988,
    month = apr,
   volume = 95,
    pages = {985-995},
      doi = {10.1086/114694},
   adsurl = {http://adsabs.harvard.edu/abs/1988AJ.....95..985D},
  adsnote = {Provided by the SAO/NASA Astrophysics Data System}
}

@ARTICLE{dressler99,
   author = {{Dressler}, A. and {Smail}, I. and {Poggianti}, B.~M. and {Butcher}, 
H. and 
    {Couch}, W.~J. and {Ellis}, R.~S. and {Oemler}, Jr., A.},
    title = "{A Spectroscopic Catalog of 10 Distant Rich Clusters of Galaxies}",
  journal = {\apjs},
   eprint = {astro-ph/9901263},
 keywords = {GALAXIES: CLUSTERS: GENERAL, GALAXIES: DISTANCES AND REDSHIFTS, 
GALAXIES: EVOLUTION, GALAXIES: PHOTOMETRY, Galaxies: Clusters: General, Galaxies: 
Distances and Redshifts, Galaxies: Evolution, Galaxies: Photometry},
     year = 1999,
    month = may,
   volume = 122,
    pages = {51-80},
      doi = {10.1086/313213},
   adsurl = {http://adsabs.harvard.edu/abs/1999ApJS..122...51D},
  adsnote = {Provided by the SAO/NASA Astrophysics Data System}
}

@ARTICLE{dutton14,
   author = {{Dutton}, A.~A. and {Macci{\`o}}, A.~V.},
    title = "{Cold dark matter haloes in the Planck era: evolution of structural 
parameters for Einasto and NFW profiles}",
  journal = {\mnras},
archivePrefix = "arXiv",
   eprint = {1402.7073},
 keywords = {methods: numerical, galaxies: haloes, cosmology: theory, dark 
matter},
     year = 2014,
    month = jul,
   volume = 441,
    pages = {3359-3374},
      doi = {10.1093/mnras/stu742},
   adsurl = {http://adsabs.harvard.edu/abs/2014MNRAS.441.3359D},
  adsnote = {Provided by the SAO/NASA Astrophysics Data System}
}

@ARTICLE{ebeling01,
   author = {{Ebeling}, H. and {Edge}, A.~C. and {Henry}, J.~P.},
    title = "{MACS: A Quest for the Most Massive Galaxy Clusters in the 
Universe}",
  journal = {\apj},
   eprint = {astro-ph/0009101},
 keywords = {Cosmology: Observations, Galaxies: Clusters: General, Surveys, 
X-Rays: General},
     year = 2001,
    month = jun,
   volume = 553,
    pages = {668-676},
      doi = {10.1086/320958},
   adsurl = {http://adsabs.harvard.edu/abs/2001ApJ...553..668E},
  adsnote = {Provided by the SAO/NASA Astrophysics Data System}
}

@ARTICLE{eddington13,
   author = {{Eddington}, A.~S.},
    title = "{On a formula for correcting statistics for the effects of a known 
error of observation}",
  journal = {\mnras},
     year = 1913,
    month = mar,
   volume = 73,
    pages = {359-360},
      doi = {10.1093/mnras/73.5.359},
   adsurl = {http://adsabs.harvard.edu/abs/1913MNRAS..73..359E},
  adsnote = {Provided by the SAO/NASA Astrophysics Data System}
}

@ARTICLE{evrard89,
   author = {{Evrard}, A.~E.},
    title = "{Biased cold dark matter theory - Trouble from rich clusters?}",
  journal = {\apjl},
 keywords = {Cosmology, Dark Matter, Open Clusters, Universe, Astronomical Models, 
Cosmic X Rays, Red Shift, Sky Surveys (Astronomy)},
     year = 1989,
    month = jun,
   volume = 341,
    pages = {L71-L74},
      doi = {10.1086/185460},
   adsurl = {http://adsabs.harvard.edu/abs/1989ApJ...341L..71E},
  adsnote = {Provided by the SAO/NASA Astrophysics Data System}
}

@ARTICLE{evrard14,
   author = {{Evrard}, A.~E. and {Arnault}, P. and {Huterer}, D. and {Farahi}, A.
    },
    title = "{A model for multiproperty galaxy cluster statistics}",
  journal = {\mnras},
archivePrefix = "arXiv",
   eprint = {1403.1456},
 keywords = {galaxies: clusters: general, cosmology: theory, large-scale structure 
of Universe},
     year = 2014,
    month = jul,
   volume = 441,
    pages = {3562-3569},
      doi = {10.1093/mnras/stu784},
   adsurl = {http://adsabs.harvard.edu/abs/2014MNRAS.441.3562E},
  adsnote = {Provided by the SAO/NASA Astrophysics Data System}
}

@ARTICLE{evrard08,
   author = {{Evrard}, A.~E. and {Bialek}, J. and {Busha}, M. and {White}, M. and 
    {Habib}, S. and {Heitmann}, K. and {Warren}, M. and {Rasia}, E. and 
    {Tormen}, G. and {Moscardini}, L. and {Power}, C. and {Jenkins}, A.~R. and 
    {Gao}, L. and {Frenk}, C.~S. and {Springel}, V. and {White}, S.~D.~M. and 
    {Diemand}, J.},
    title = "{Virial Scaling of Massive Dark Matter Halos: Why Clusters Prefer a High 
Normalization Cosmology}",
  journal = {\apj},
   eprint = {astro-ph/0702241},
 keywords = {cosmology: miscellaneous, cosmology: theory, dark matter, galaxies: clusters: 
general, gravitation, intergalactic medium},
     year = 2008,
    month = jan,
   volume = 672,
      eid = {122-137},
    pages = {122-137},
      doi = {10.1086/521616},
   adsurl = {http://adsabs.harvard.edu/abs/2008ApJ...672..122E},
  adsnote = {Provided by the SAO/NASA Astrophysics Data System}
}

@ARTICLE{fadda96,
   author = {{Fadda}, D. and {Girardi}, M. and {Giuricin}, G. and {Mardirossian}, F. and 
    {Mezzetti}, M.},
    title = "{The Observational Distribution of Internal Velocity Dispersions in Nearby 
Galaxy Clusters}",
  journal = {\apj},
   eprint = {astro-ph/9606098},
 keywords = {GALAXIES: CLUSTERS: GENERAL, GALAXIES: DISTANCES AND REDSHIFTS, GALAXIES: 
KINEMATICS AND DYNAMICS},
     year = 1996,
    month = dec,
   volume = 473,
    pages = {670},
      doi = {10.1086/178180},
   adsurl = {http://adsabs.harvard.edu/abs/1996ApJ...473..670F},
  adsnote = {Provided by the SAO/NASA Astrophysics Data System}
}

@ARTICLE{faltenbacher06,
   author = {{Faltenbacher}, A. and {Diemand}, J.},
    title = "{Velocity distributions in clusters of galaxies}",
  journal = {\mnras},
   eprint = {astro-ph/0602197},
 keywords = {methods: numerical: galaxies: clusters: general: cosmology: theory, 
methods: numerical, galaxies: clusters: general, cosmology: theory},
     year = 2006,
    month = jul,
   volume = 369,
    pages = {1698-1702},
      doi = {10.1111/j.1365-2966.2006.10421.x},
   adsurl = {http://adsabs.harvard.edu/abs/2006MNRAS.369.1698F},
  adsnote = {Provided by the SAO/NASA Astrophysics Data System}
}

@ARTICLE{fowler07,
   author = {{Fowler}, J.~W. and {Niemack}, M.~D. and {Dicker}, S.~R. and 
    {Aboobaker}, A.~M. and {Ade}, P.~A.~R. and {Battistelli}, E.~S. and 
    {Devlin}, M.~J. and {Fisher}, R.~P. and {Halpern}, M. and {Hargrave}, P.~C. 
and 
    {Hincks}, A.~D. and {Kaul}, M. and {Klein}, J. and {Lau}, J.~M. and 
    {Limon}, M. and {Marriage}, T.~A. and {Mauskopf}, P.~D. and 
    {Page}, L. and {Staggs}, S.~T. and {Swetz}, D.~S. and {Switzer}, E.~R. and 
    {Thornton}, R.~J. and {Tucker}, C.~E.},
    title = "{Optical design of the Atacama Cosmology Telescope and the Millimeter 
Bolometric Array Camera}",
  journal = {\ao},
   eprint = {astro-ph/0701020},
 keywords = {Arrays, Lens system design, Astronomical optics},
     year = 2007,
    month = jun,
   volume = 46,
    pages = {3444-3454},
      doi = {10.1364/AO.46.003444},
   adsurl = {http://adsabs.harvard.edu/abs/2007ApOpt..46.3444F},
  adsnote = {Provided by the SAO/NASA Astrophysics Data System}
}

@ARTICLE{gifford13,
   author = {{Gifford}, D. and {Miller}, C. and {Kern}, N.},
    title = "{A Systematic Analysis of Caustic Methods for Galaxy Cluster 
Masses}",
  journal = {\apj},
archivePrefix = "arXiv",
   eprint = {1307.0017},
 keywords = {galaxies: clusters: general, galaxies: halos },
     year = 2013,
    month = aug,
   volume = 773,
      eid = {116},
    pages = {116},
      doi = {10.1088/0004-637X/773/2/116},
   adsurl = {http://adsabs.harvard.edu/abs/2013ApJ...773..116G},
  adsnote = {Provided by the SAO/NASA Astrophysics Data System}
}

@ARTICLE{gilmour09,
   author = {{Gilmour}, R. and {Best}, P. and {Almaini}, O.},
    title = "{The distribution of active galactic nuclei in a large sample of 
galaxy clusters}",
  journal = {\mnras},
archivePrefix = "arXiv",
   eprint = {0901.2810},
 primaryClass = "astro-ph.GA",
 keywords = {galaxies: active , galaxies: clusters: general , X-rays: galaxies , 
X-rays: galaxies: clusters},
     year = 2009,
    month = feb,
   volume = 392,
    pages = {1509-1531},
      doi = {10.1111/j.1365-2966.2008.14161.x},
   adsurl = {http://adsabs.harvard.edu/abs/2009MNRAS.392.1509G},
  adsnote = {Provided by the SAO/NASA Astrophysics Data System}
}

@ARTICLE{girardi98,
   author = {{Girardi}, M. and {Giuricin}, G. and {Mardirossian}, F. and 
    {Mezzetti}, M. and {Boschin}, W.},
    title = "{Optical Mass Estimates of Galaxy Clusters}",
  journal = {\apj},
   eprint = {astro-ph/9804187},
 keywords = {GALAXIES: CLUSTERS: GENERAL, GALAXIES: FUNDAMENTAL PARAMETERS, 
X-RAYS: GALAXIES, Galaxies: Clusters: General, Galaxies: Fundamental Parameters, 
X-Rays: Galaxies},
     year = 1998,
    month = sep,
   volume = 505,
    pages = {74-95},
      doi = {10.1086/306157},
   adsurl = {http://adsabs.harvard.edu/abs/1998ApJ...505...74G},
  adsnote = {Provided by the SAO/NASA Astrophysics Data System}
}

@ARTICLE{gruen14,
   author = {{Gruen}, D. and {Seitz}, S. and {Brimioulle}, F. and {Kosyra}, R. and 
    {Koppenhoefer}, J. and {Lee}, C.-H. and {Bender}, R. and {Riffeser}, A. and 
    {Eichner}, T. and {Weidinger}, T. and {Bierschenk}, M.},
    title = "{Weak lensing analysis of SZ-selected clusters of galaxies from the 
SPT and Planck surveys}",
  journal = {\mnras},
archivePrefix = "arXiv",
   eprint = {1310.6744},
 keywords = {gravitational lensing: weak, galaxies: clusters: general, cosmology: 
observations},
     year = 2014,
    month = aug,
   volume = 442,
    pages = {1507-1544},
      doi = {10.1093/mnras/stu949},
   adsurl = {http://adsabs.harvard.edu/abs/2014MNRAS.442.1507G},
  adsnote = {Provided by the SAO/NASA Astrophysics Data System}
}

@ARTICLE{guo15_clustering,
   author = {{Guo}, H. and {Zheng}, Z. and {Zehavi}, I. and {Behroozi}, P.~S. and 
    {Chuang}, C.-H. and {Comparat}, J. and {Favole}, G. and {Gottloeber}, S. and 
    {Klypin}, A. and {Prada}, F. and {Weinberg}, D.~H. and {Yepes}, G.
    },
    title = "{Redshift-space clustering of SDSS galaxies - luminosity dependence, 
halo occupation distribution, and velocity bias}",
  journal = {\mnras},
archivePrefix = "arXiv",
   eprint = {1505.07861},
 keywords = {galaxies: distances and redshifts, galaxies: haloes, galaxies: 
statistics, cosmology: observations, cosmology: theory, large-scale structure of 
Universe},
     year = 2015,
    month = nov,
   volume = 453,
    pages = {4368-4383},
      doi = {10.1093/mnras/stv1966},
   adsurl = {http://adsabs.harvard.edu/abs/2015MNRAS.453.4368G},
  adsnote = {Provided by the SAO/NASA Astrophysics Data System}
}

@ARTICLE{guo15_vbias,
   author = {{Guo}, H. and {Zheng}, Z. and {Zehavi}, I. and {Dawson}, K. and 
    {Skibba}, R.~A. and {Tinker}, J.~L. and {Weinberg}, D.~H. and 
    {White}, M. and {Schneider}, D.~P.},
    title = "{Velocity bias from the small-scale clustering of SDSS-III BOSS 
galaxies}",
  journal = {\mnras},
archivePrefix = "arXiv",
   eprint = {1407.4811},
 keywords = {galaxies: distances and redshifts, galaxies: haloes, galaxies: 
statistics, cosmology: observations, cosmology: theory, large-scale structure of 
Universe},
     year = 2015,
    month = jan,
   volume = 446,
    pages = {578-594},
      doi = {10.1093/mnras/stu2120},
   adsurl = {http://adsabs.harvard.edu/abs/2015MNRAS.446..578G},
  adsnote = {Provided by the SAO/NASA Astrophysics Data System}
}

@ARTICLE{hasselfield13,
   author = {{Hasselfield}, M. and {Hilton}, M. and {Marriage}, T.~A. and 
    {Addison}, G.~E. and {Barrientos}, L.~F. and {Battaglia}, N. and 
    {Battistelli}, E.~S. and {Bond}, J.~R. and {Crichton}, D. and 
    {Das}, S. and {Devlin}, M.~J. and {Dicker}, S.~R. and {Dunkley}, J. and 
    {D{\"u}nner}, R. and {Fowler}, J.~W. and {Gralla}, M.~B. and 
    {Hajian}, A. and {Halpern}, M. and {Hincks}, A.~D. and {Hlozek}, R. and 
    {Hughes}, J.~P. and {Infante}, L. and {Irwin}, K.~D. and {Kosowsky}, A. and 
    {Marsden}, D. and {Menanteau}, F. and {Moodley}, K. and {Niemack}, M.~D. and 
    {Nolta}, M.~R. and {Page}, L.~A. and {Partridge}, B. and {Reese}, E.~D. and 
    {Schmitt}, B.~L. and {Sehgal}, N. and {Sherwin}, B.~D. and {Sievers}, J. and 
    {Sif{\'o}n}, C. and {Spergel}, D.~N. and {Staggs}, S.~T. and 
    {Swetz}, D.~S. and {Switzer}, E.~R. and {Thornton}, R. and {Trac}, H. and 
    {Wollack}, E.~J.},
    title = "{The Atacama Cosmology Telescope: Sunyaev-Zel'dovich selected galaxy clusters 
at 148 GHz from three seasons of data}",
  journal = {\jcap},
archivePrefix = "arXiv",
   eprint = {1301.0816},
 primaryClass = "astro-ph.CO",
     year = 2013,
    month = jul,
   volume = 7,
      eid = {008},
    pages = {008},
      doi = {10.1088/1475-7516/2013/07/008},
   adsurl = {http://adsabs.harvard.edu/abs/2013JCAP...07..008H},
  adsnote = {Provided by the SAO/NASA Astrophysics Data System}
}

@ARTICLE{high10,
   author = {{High}, F.~W. and {Stalder}, B. and {Song}, J. and {Ade}, P.~A.~R. 
and 
    {Aird}, K.~A. and {Allam}, S.~S. and {Armstrong}, R. and {Barkhouse}, W.~A. 
and 
    {Benson}, B.~A. and {Bertin}, E. and {Bhattacharya}, S. and 
    {Bleem}, L.~E. and {Brodwin}, M. and {Buckley-Geer}, E.~J. and 
    {Carlstrom}, J.~E. and {Challis}, P. and {Chang}, C.~L. and 
    {Crawford}, T.~M. and {Crites}, A.~T. and {de Haan}, T. and 
    {Desai}, S. and {Dobbs}, M.~A. and {Dudley}, J.~P. and {Foley}, R.~J. and 
    {George}, E.~M. and {Gladders}, M. and {Halverson}, N.~W. and 
    {Hamuy}, M. and {Hansen}, S.~M. and {Holder}, G.~P. and {Holzapfel}, W.~L. and 
    {Hrubes}, J.~D. and {Joy}, M. and {Keisler}, R. and {Lee}, A.~T. and 
    {Leitch}, E.~M. and {Lin}, H. and {Lin}, Y.-T. and {Loehr}, A. and 
    {Lueker}, M. and {Marrone}, D. and {McMahon}, J.~J. and {Mehl}, J. and 
    {Meyer}, S.~S. and {Mohr}, J.~J. and {Montroy}, T.~E. and {Morell}, N. and 
    {Ngeow}, C.-C. and {Padin}, S. and {Plagge}, T. and {Pryke}, C. and 
    {Reichardt}, C.~L. and {Rest}, A. and {Ruel}, J. and {Ruhl}, J.~E. and 
    {Schaffer}, K.~K. and {Shaw}, L. and {Shirokoff}, E. and {Smith}, R.~C. and 
    {Spieler}, H.~G. and {Staniszewski}, Z. and {Stark}, A.~A. and 
    {Stubbs}, C.~W. and {Tucker}, D.~L. and {Vanderlinde}, K. and 
    {Vieira}, J.~D. and {Williamson}, R. and {Wood-Vasey}, W.~M. and 
    {Yang}, Y. and {Zahn}, O. and {Zenteno}, A.},
    title = "{Optical Redshift and Richness Estimates for Galaxy Clusters Selected 
with the Sunyaev-Zel'dovich Effect from 2008 South Pole Telescope Observations}",
  journal = {\apj},
archivePrefix = "arXiv",
   eprint = {1003.0005},
 keywords = {cosmology: observations, galaxies: clusters: general},
     year = 2010,
    month = nov,
   volume = 723,
    pages = {1736-1747},
      doi = {10.1088/0004-637X/723/2/1736},
   adsurl = {http://adsabs.harvard.edu/abs/2010ApJ...723.1736H},
  adsnote = {Provided by the SAO/NASA Astrophysics Data System}
}

@ARTICLE{hilton13,
   author = {{Hilton}, M. and {Hasselfield}, M. and {Sif{\'o}n}, C. and {Baker}, 
A.~J. and 
    {Barrientos}, L.~F. and {Battaglia}, N. and {Bond}, J.~R. and 
    {Crichton}, D. and {Das}, S. and {Devlin}, M.~J. and {Gralla}, M. and 
    {Hajian}, A. and {Hincks}, A.~D. and {Hughes}, J.~P. and {Infante}, L. and 
    {Irwin}, K.~D. and {Kosowsky}, A. and {Lin}, Y.-T. and {Marriage}, T.~A. and 
    {Marsden}, D. and {Menanteau}, F. and {Moodley}, K. and {Niemack}, M.~D. and 
    {Nolta}, M.~R. and {Page}, L.~A. and {Reese}, E.~D. and {Sievers}, J. and 
    {Spergel}, D.~N. and {Wollack}, E.~J.},
    title = "{The Atacama Cosmology Telescope: the stellar content of galaxy 
clusters selected using the Sunyaev-Zel'dovich effect}",
  journal = {\mnras},
archivePrefix = "arXiv",
   eprint = {1301.0780},
 keywords = {galaxies: clusters: general, galaxies: luminosity function, mass 
function, galaxies: stellar content, cosmology: observations},
     year = 2013,
    month = nov,
   volume = 435,
    pages = {3469-3480},
      doi = {10.1093/mnras/stt1535},
   adsurl = {http://adsabs.harvard.edu/abs/2013MNRAS.435.3469H},
  adsnote = {Provided by the SAO/NASA Astrophysics Data System}
}

@ARTICLE{hoekstra15,
   author = {{Hoekstra}, H. and {Herbonnet}, R. and {Muzzin}, A. and {Babul}, A. and 
    {Mahdavi}, A. and {Viola}, M. and {Cacciato}, M.},
    title = "{The Canadian Cluster Comparison Project: detailed study of systematics and 
updated weak lensing masses}",
  journal = {\mnras},
archivePrefix = "arXiv",
   eprint = {1502.01883},
 keywords = {cosmology: observations, dark matter},
     year = 2015,
    month = may,
   volume = 449,
    pages = {685-714},
      doi = {10.1093/mnras/stv275},
   adsurl = {http://adsabs.harvard.edu/abs/2015MNRAS.449..685H},
  adsnote = {Provided by the SAO/NASA Astrophysics Data System}
}

@ARTICLE{hoekstra12,
   author = {{Hoekstra}, H. and {Mahdavi}, A. and {Babul}, A. and {Bildfell}, C.
    },
    title = "{The Canadian Cluster Comparison Project: weak lensing masses and SZ scaling 
relations}",
  journal = {\mnras},
archivePrefix = "arXiv",
   eprint = {1208.0606},
 keywords = {gravitational lensing: weak, galaxies: clusters: general, cosmology: 
observations, dark matter},
     year = 2012,
    month = dec,
   volume = 427,
    pages = {1298-1311},
      doi = {10.1111/j.1365-2966.2012.22072.x},
   adsurl = {http://adsabs.harvard.edu/abs/2012MNRAS.427.1298H},
  adsnote = {Provided by the SAO/NASA Astrophysics Data System}
}

@ARTICLE{hook04,
   author = {{Hook}, I.~M. and {J{\o}rgensen}, I. and {Allington-Smith}, J.~R. and 
    {Davies}, R.~L. and {Metcalfe}, N. and {Murowinski}, R.~G. and 
    {Crampton}, D.},
    title = "{The Gemini-North Multi-Object Spectrograph: Performance in Imaging, 
Long-Slit, and Multi-Object Spectroscopic Modes}",
  journal = {\pasp},
 keywords = {Instrumentation: Spectrographs},
     year = 2004,
    month = may,
   volume = 116,
    pages = {425-440},
      doi = {10.1086/383624},
   adsurl = {http://adsabs.harvard.edu/abs/2004PASP..116..425H},
  adsnote = {Provided by the SAO/NASA Astrophysics Data System}
}

@ARTICLE{hopkins03,
   author = {{Hopkins}, A.~M. and {Miller}, C.~J. and {Nichol}, R.~C. and 
    {Connolly}, A.~J. and {Bernardi}, M. and {G{\'o}mez}, P.~L. and 
    {Goto}, T. and {Tremonti}, C.~A. and {Brinkmann}, J. and {Ivezi{\'c}}, {\v Z}. 
and 
    {Lamb}, D.~Q.},
    title = "{Star Formation Rate Indicators in the Sloan Digital Sky Survey}",
  journal = {\apj},
   eprint = {astro-ph/0306621},
 keywords = {Catalogs, Galaxies: Evolution, Galaxies: Starburst, Radio Continuum: 
Galaxies, Stars: Formation},
     year = 2003,
    month = dec,
   volume = 599,
    pages = {971-991},
      doi = {10.1086/379608},
   adsurl = {http://adsabs.harvard.edu/abs/2003ApJ...599..971H},
  adsnote = {Provided by the SAO/NASA Astrophysics Data System}
}

@ARTICLE{jee14_gordo,
   author = {{Jee}, M.~J. and {Hughes}, J.~P. and {Menanteau}, F. and {Sif{\'o}n}, 
C. and 
    {Mandelbaum}, R. and {Barrientos}, L.~F. and {Infante}, L. and 
    {Ng}, K.~Y.},
    title = "{Weighing ''El Gordo'' with a Precision Scale: Hubble Space Telescope 
Weak-lensing Analysis of the Merging Galaxy Cluster ACT-CL J0102-4915 at z = 
0.87}",
  journal = {\apj},
archivePrefix = "arXiv",
   eprint = {1309.5097},
 keywords = {cosmology: observations, galaxies: clusters: individual: ACT-CL 
J0102{\ndash}4915, galaxies: high-redshift, gravitational lensing: strong, 
large-scale structure of universe, X-rays: galaxies: clusters},
     year = 2014,
    month = apr,
   volume = 785,
      eid = {20},
    pages = {20},
      doi = {10.1088/0004-637X/785/1/20},
   adsurl = {http://adsabs.harvard.edu/abs/2014ApJ...785...20J},
  adsnote = {Provided by the SAO/NASA Astrophysics Data System}
}

@ARTICLE{kirk15,
   author = {{Kirk}, B. and {Hilton}, M. and {Cress}, C. and {Crawford}, S.~M. and 
    {Hughes}, J.~P. and {Battaglia}, N. and {Bond}, J.~R. and {Burke}, C. and 
    {Gralla}, M.~B. and {Hajian}, A. and {Hasselfield}, M. and {Hincks}, A.~D. and 
    {Infante}, L. and {Kosowsky}, A. and {Marriage}, T.~A. and {Menanteau}, F. and 
    {Moodley}, K. and {Niemack}, M.~D. and {Sievers}, J.~L. and 
    {Sif{\'o}n}, C. and {Wilson}, S. and {Wollack}, E.~J. and {Zunckel}, C.
    },
    title = "{SALT spectroscopic observations of galaxy clusters detected by ACT 
and a type II quasar hosted by a brightest cluster galaxy}",
  journal = {\mnras},
archivePrefix = "arXiv",
   eprint = {1410.7887},
 keywords = {galaxies: clusters: general, galaxies: clusters: individual: ACT-CL 
J0320.4+0032, quasars: general, cosmology: observations},
     year = 2015,
    month = jun,
   volume = 449,
    pages = {4010-4026},
      doi = {10.1093/mnras/stv595},
   adsurl = {http://adsabs.harvard.edu/abs/2015MNRAS.449.4010K},
  adsnote = {Provided by the SAO/NASA Astrophysics Data System}
}

@ARTICLE{klypin97,
   author = {{Klypin}, A. and {Holtzman}, J.},
    title = "{Particle-Mesh code for cosmological simulations}",
  journal = {ArXiv Astrophysics e-prints},
   eprint = {astro-ph/9712217},
 keywords = {Astrophysics},
     year = 1997,
    month = dec,
   adsurl = {http://adsabs.harvard.edu/abs/1997astro.ph.12217K},
  adsnote = {Provided by the SAO/NASA Astrophysics Data System}
}

@ARTICLE{knowles16,
   author = {{Knowles}, K. and {Intema}, H.~T. and {Baker}, A.~J. and {Bond}, 
J.~R. and 
    {Cress}, C. and {Gupta}, N. and {Hajian}, A. and {Hilton}, M. and 
    {Hincks}, A.~D. and {Hlozek}, R. and {Hughes}, J.~P. and {Lindner}, R. and 
    {Marriage}, T.~A. and {Menanteau}, F. and {Moodley}, K. and 
    {Niemack}, M.~D. and {Reese}, E.~D. and {Sievers}, J. and {Sif{\'o}n}, C. and 
    {Srianand}, R. and {Wollack}, E.~J.},
    title = "{A giant radio halo in a low-mass SZ-selected galaxy cluster: ACT-CL 
J0256.5+0006}",
  journal = {ArXiv e-prints},
archivePrefix = "arXiv",
   eprint = {1506.01547},
 keywords = {Astrophysics - Astrophysics of Galaxies, Astrophysics - Cosmology and 
Nongalactic Astrophysics},
     year = 2015,
    month = jun,
   adsurl = {http://adsabs.harvard.edu/abs/2015arXiv150601547K},
  adsnote = {Provided by the SAO/NASA Astrophysics Data System}
}

@ARTICLE{knuth06,
   author = {{Knuth}, K.~H.},
    title = "{Optimal Data-Based Binning for Histograms}",
  journal = {ArXiv Physics e-prints},
   eprint = {physics/0605197},
 keywords = {Physics - Data Analysis, Statistics and Probability, Mathematics - 
Probability, Mathematics - Statistics Theory, Physics - Computational Physics},
     year = 2006,
    month = may,
   adsurl = {http://adsabs.harvard.edu/abs/2006physics...5197K},
  adsnote = {Provided by the SAO/NASA Astrophysics Data System}
}

@ARTICLE{krause12,
   author = {{Krause}, E. and {Pierpaoli}, E. and {Dolag}, K. and {Borgani}, S.
    },
    title = "{Merger-induced scatter and bias in the cluster 
mass-Sunyaev-Zel'dovich effect scaling relation}",
  journal = {\mnras},
archivePrefix = "arXiv",
   eprint = {1107.5740},
 keywords = {large-scale structure of Universe, galaxies: clusters: general},
     year = 2012,
    month = jan,
   volume = 419,
    pages = {1766-1779},
      doi = {10.1111/j.1365-2966.2011.19844.x},
   adsurl = {http://adsabs.harvard.edu/abs/2012MNRAS.419.1766K},
  adsnote = {Provided by the SAO/NASA Astrophysics Data System}
}

@ARTICLE{kurtz98,
   author = {{Kurtz}, M.~J. and {Mink}, D.~J.},
    title = "{RVSAO 2.0: Digital Redshifts and Radial Velocities}",
  journal = {\pasp},
   eprint = {astro-ph/9803252},
 keywords = {INSTRUMENTATION: SPECTROGRAPHS, METHODS: DATA ANALYSIS, TECHNIQUES: RADIAL 
VELOCITIES},
     year = 1998,
    month = aug,
   volume = 110,
    pages = {934-977},
      doi = {10.1086/316207},
   adsurl = {http://adsabs.harvard.edu/abs/1998PASP..110..934K},
  adsnote = {Provided by the SAO/NASA Astrophysics Data System}
}

@ARTICLE{lamareille10,
   author = {{Lamareille}, F.},
    title = "{Spectral classification of emission-line galaxies from the Sloan 
Digital Sky Survey. I. An improved classification for high-redshift galaxies}",
  journal = {\aap},
archivePrefix = "arXiv",
   eprint = {0910.4814},
 keywords = {galaxies: fundamental parameters},
     year = 2010,
    month = jan,
   volume = 509,
      eid = {A53},
    pages = {A53},
      doi = {10.1051/0004-6361/200913168},
   adsurl = {http://adsabs.harvard.edu/abs/2010A%26A...509A..53L},
  adsnote = {Provided by the SAO/NASA Astrophysics Data System}
}

@ARTICLE{lau10,
   author = {{Lau}, E.~T. and {Nagai}, D. and {Kravtsov}, A.~V.},
    title = "{Effects of Baryon Dissipation on the Dark Matter Virial Scaling 
Relation}",
  journal = {\apj},
archivePrefix = "arXiv",
   eprint = {0908.2133},
 keywords = {cosmology: theory, dark matter, galaxies: clusters: general, methods: 
numerical},
     year = 2010,
    month = jan,
   volume = 708,
    pages = {1419-1425},
      doi = {10.1088/0004-637X/708/2/1419},
   adsurl = {http://adsabs.harvard.edu/abs/2010ApJ...708.1419L},
  adsnote = {Provided by the SAO/NASA Astrophysics Data System}
}

@ARTICLE{lin15,
   author = {{Lin}, H.~W. and {McDonald}, M. and {Benson}, B. and {Miller}, E.
    },
    title = "{Cool Core Bias in Sunyaev-Zel{\rsquo}dovich Galaxy Cluster 
Surveys}",
  journal = {\apj},
archivePrefix = "arXiv",
   eprint = {1501.04650},
 keywords = {cosmology: observations, galaxies: clusters: general, galaxies: 
clusters: intracluster medium},
     year = 2015,
    month = mar,
   volume = 802,
      eid = {34},
    pages = {34},
      doi = {10.1088/0004-637X/802/1/34},
   adsurl = {http://adsabs.harvard.edu/abs/2015ApJ...802...34L},
  adsnote = {Provided by the SAO/NASA Astrophysics Data System}
}

@ARTICLE{lindner14,
   author = {{Lindner}, R.~R. and {Baker}, A.~J. and {Hughes}, J.~P. and 
    {Battaglia}, N. and {Gupta}, N. and {Knowles}, K. and {Marriage}, T.~A. and 
    {Menanteau}, F. and {Moodley}, K. and {Reese}, E.~D. and {Srianand}, R.
    },
    title = "{The Radio Relics and Halo of El Gordo, a Massive z = 0.870 Cluster 
Merger}",
  journal = {\apj},
archivePrefix = "arXiv",
   eprint = {1310.6786},
 keywords = {galaxies: clusters: individual: ACT-CL J0102{\ndash}4915, galaxies: 
clusters: intracluster medium, large-scale structure of universe, radiation 
mechanisms: non-thermal, radio continuum: general, relativistic processes},
     year = 2014,
    month = may,
   volume = 786,
      eid = {49},
    pages = {49},
      doi = {10.1088/0004-637X/786/1/49},
   adsurl = {http://adsabs.harvard.edu/abs/2014ApJ...786...49L},
  adsnote = {Provided by the SAO/NASA Astrophysics Data System}
}

@ARTICLE{mahdavi13,
   author = {{Mahdavi}, A. and {Hoekstra}, H. and {Babul}, A. and {Bildfell}, C. and 
    {Jeltema}, T. and {Henry}, J.~P.},
    title = "{Joint Analysis of Cluster Observations. II. Chandra/XMM-Newton X-Ray and Weak 
Lensing Scaling Relations for a Sample of 50 Rich Clusters of Galaxies}",
  journal = {\apj},
archivePrefix = "arXiv",
   eprint = {1210.3689},
 keywords = {galaxies: clusters: general, galaxies: clusters: intracluster medium, 
gravitational lensing: weak, X-rays: galaxies: clusters},
     year = 2013,
    month = apr,
   volume = 767,
      eid = {116},
    pages = {116},
      doi = {10.1088/0004-637X/767/2/116},
   adsurl = {http://adsabs.harvard.edu/abs/2013ApJ...767..116M},
  adsnote = {Provided by the SAO/NASA Astrophysics Data System}
}

@ARTICLE{mamon10,
   author = {{Mamon}, G.~A. and {Biviano}, A. and {Murante}, G.},
    title = "{The universal distribution of halo interlopers in projected phase space. Bias 
in galaxy cluster concentration and velocity anisotropy?}",
  journal = {\aap},
archivePrefix = "arXiv",
   eprint = {1003.0033},
 primaryClass = "astro-ph.CO",
 keywords = {galaxies: clusters: general, cosmology: miscellaneous, dark matter, galaxies: 
halos, gravitational lensing:, weak, methods: numerical},
     year = 2010,
    month = sep,
   volume = 520,
      eid = {A30},
    pages = {A30},
      doi = {10.1051/0004-6361/200913948},
   adsurl = {http://adsabs.harvard.edu/abs/2010A%26A...520A..30M},
  adsnote = {Provided by the SAO/NASA Astrophysics Data System}
}

@ARTICLE{mantz10,
   author = {{Mantz}, A. and {Allen}, S.~W. and {Rapetti}, D. and {Ebeling}, H.
    },
    title = "{The observed growth of massive galaxy clusters - I. Statistical 
methods and cosmological constraints}",
  journal = {\mnras},
archivePrefix = "arXiv",
   eprint = {0909.3098},
 keywords = {cosmological parameters, cosmology: observations, large-scale 
structure of Universe, X-rays: galaxies: clusters},
     year = 2010,
    month = aug,
   volume = 406,
    pages = {1759-1772},
      doi = {10.1111/j.1365-2966.2010.16992.x},
   adsurl = {http://adsabs.harvard.edu/abs/2010MNRAS.406.1759M},
  adsnote = {Provided by the SAO/NASA Astrophysics Data System}
}

@ARTICLE{marriage11_sz,
   author = {{Marriage}, T.~A. and {Acquaviva}, V. and {Ade}, P.~A.~R. and 
    {Aguirre}, P. and {Amiri}, M. and {Appel}, J.~W. and {Barrientos}, L.~F. and 
    {Battistelli}, E.~S. and {Bond}, J.~R. and {Brown}, B. and {Burger}, B. and 
    {Chervenak}, J. and {Das}, S. and {Devlin}, M.~J. and {Dicker}, S.~R. and 
    {Bertrand Doriese}, W. and {Dunkley}, J. and {D{\"u}nner}, R. and 
    {Essinger-Hileman}, T. and {Fisher}, R.~P. and {Fowler}, J.~W. and 
    {Hajian}, A. and {Halpern}, M. and {Hasselfield}, M. and {Hern{\'a}ndez-Monteagudo}, C. 
and 
    {Hilton}, G.~C. and {Hilton}, M. and {Hincks}, A.~D. and {Hlozek}, R. and 
    {Huffenberger}, K.~M. and {Handel Hughes}, D. and {Hughes}, J.~P. and 
    {Infante}, L. and {Irwin}, K.~D. and {Baptiste Juin}, J. and 
    {Kaul}, M. and {Klein}, J. and {Kosowsky}, A. and {Lau}, J.~M. and 
    {Limon}, M. and {Lin}, Y.-T. and {Lupton}, R.~H. and {Marsden}, D. and 
    {Martocci}, K. and {Mauskopf}, P. and {Menanteau}, F. and {Moodley}, K. and 
    {Moseley}, H. and {Netterfield}, C.~B. and {Niemack}, M.~D. and 
    {Nolta}, M.~R. and {Page}, L.~A. and {Parker}, L. and {Partridge}, B. and 
    {Quintana}, H. and {Reese}, E.~D. and {Reid}, B. and {Sehgal}, N. and 
    {Sherwin}, B.~D. and {Sievers}, J. and {Spergel}, D.~N. and 
    {Staggs}, S.~T. and {Swetz}, D.~S. and {Switzer}, E.~R. and 
    {Thornton}, R. and {Trac}, H. and {Tucker}, C. and {Warne}, R. and 
    {Wilson}, G. and {Wollack}, E. and {Zhao}, Y.},
    title = "{The Atacama Cosmology Telescope: Sunyaev-Zel'dovich-Selected Galaxy Clusters 
at 148 GHz in the 2008 Survey}",
  journal = {\apj},
archivePrefix = "arXiv",
   eprint = {1010.1065},
 keywords = {cosmic background radiation, cosmology: observations, galaxies: clusters: 
general, radio continuum: general, surveys},
     year = 2011,
    month = aug,
   volume = 737,
      eid = {61},
    pages = {61},
      doi = {10.1088/0004-637X/737/2/61},
   adsurl = {http://adsabs.harvard.edu/abs/2011ApJ...737...61M},
  adsnote = {Provided by the SAO/NASA Astrophysics Data System}
}

@ARTICLE{marriage11_sources,
   author = {{Marriage}, T.~A. and {Baptiste Juin}, J. and {Lin}, Y.-T. and 
    {Marsden}, D. and {Nolta}, M.~R. and {Partridge}, B. and {Ade}, P.~A.~R. and 
    {Aguirre}, P. and {Amiri}, M. and {Appel}, J.~W. and {Barrientos}, L.~F. and 
    {Battistelli}, E.~S. and {Bond}, J.~R. and {Brown}, B. and {Burger}, B. and 
    {Chervenak}, J. and {Das}, S. and {Devlin}, M.~J. and {Dicker}, S.~R. and 
    {Bertrand Doriese}, W. and {Dunkley}, J. and {D{\"u}nner}, R. and 
    {Essinger-Hileman}, T. and {Fisher}, R.~P. and {Fowler}, J.~W. and 
    {Hajian}, A. and {Halpern}, M. and {Hasselfield}, M. and 
{Hern{\'a}ndez-Monteagudo}, C. and 
    {Hilton}, G.~C. and {Hilton}, M. and {Hincks}, A.~D. and {Hlozek}, R. and 
    {Huffenberger}, K.~M. and {Handel Hughes}, D. and {Hughes}, J.~P. and 
    {Infante}, L. and {Irwin}, K.~D. and {Kaul}, M. and {Klein}, J. and 
    {Kosowsky}, A. and {Lau}, J.~M. and {Limon}, M. and {Lupton}, R.~H. and 
    {Martocci}, K. and {Mauskopf}, P. and {Menanteau}, F. and {Moodley}, K. and 
    {Moseley}, H. and {Netterfield}, C.~B. and {Niemack}, M.~D. and 
    {Page}, L.~A. and {Parker}, L. and {Quintana}, H. and {Reid}, B. and 
    {Sehgal}, N. and {Sherwin}, B.~D. and {Sievers}, J. and {Spergel}, D.~N. and 
    {Staggs}, S.~T. and {Swetz}, D.~S. and {Switzer}, E.~R. and 
    {Thornton}, R. and {Trac}, H. and {Tucker}, C. and {Warne}, R. and 
    {Wilson}, G. and {Wollack}, E. and {Zhao}, Y.},
    title = "{The Atacama Cosmology Telescope: Extragalactic Sources at 148 GHz in 
the 2008 Survey}",
  journal = {\apj},
archivePrefix = "arXiv",
   eprint = {1007.5256},
 primaryClass = "astro-ph.CO",
 keywords = {cosmic background radiation, galaxies: active, radio continuum: 
galaxies, surveys},
     year = 2011,
    month = apr,
   volume = 731,
      eid = {100},
    pages = {100},
      doi = {10.1088/0004-637X/731/2/100},
   adsurl = {http://adsabs.harvard.edu/abs/2011ApJ...731..100M},
  adsnote = {Provided by the SAO/NASA Astrophysics Data System}
}

@ARTICLE{marrone12,
   author = {{Marrone}, D.~P. and {Smith}, G.~P. and {Okabe}, N. and {Bonamente}, 
M. and 
    {Carlstrom}, J.~E. and {Culverhouse}, T.~L. and {Gralla}, M. and 
    {Greer}, C.~H. and {Hasler}, N. and {Hawkins}, D. and {Hennessy}, R. and 
    {Joy}, M. and {Lamb}, J.~W. and {Leitch}, E.~M. and {Martino}, R. and 
    {Mazzotta}, P. and {Miller}, A. and {Mroczkowski}, T. and {Muchovej}, S. and 
    {Plagge}, T. and {Pryke}, C. and {Sanderson}, A.~J.~R. and {Takada}, M. and 
    {Woody}, D. and {Zhang}, Y.},
    title = "{LoCuSS: The Sunyaev-Zel'dovich Effect and Weak-lensing Mass Scaling 
Relation}",
  journal = {\apj},
archivePrefix = "arXiv",
   eprint = {1107.5115},
 keywords = {cosmology: observations, galaxies: clusters: intracluster medium, 
gravitational lensing: weak},
     year = 2012,
    month = aug,
   volume = 754,
      eid = {119},
    pages = {119},
      doi = {10.1088/0004-637X/754/2/119},
   adsurl = {http://adsabs.harvard.edu/abs/2012ApJ...754..119M},
  adsnote = {Provided by the SAO/NASA Astrophysics Data System}
}

@ARTICLE{martel14,
   author = {{Martel}, H. and {Robichaud}, F. and {Barai}, P.},
    title = "{Major Cluster Mergers and the Location of the Brightest Cluster 
Galaxy}",
  journal = {\apj},
archivePrefix = "arXiv",
   eprint = {1403.3063},
 keywords = {galaxies: clusters: general, galaxies: general, methods: numerical},
     year = 2014,
    month = may,
   volume = 786,
      eid = {79},
    pages = {79},
      doi = {10.1088/0004-637X/786/2/79},
   adsurl = {http://adsabs.harvard.edu/abs/2014ApJ...786...79M},
  adsnote = {Provided by the SAO/NASA Astrophysics Data System}
}

@ARTICLE{medezinski10,
   author = {{Medezinski}, E. and {Broadhurst}, T. and {Umetsu}, K. and {Oguri}, 
M. and 
    {Rephaeli}, Y. and {Ben{\'{\i}}tez}, N.},
    title = "{Detailed cluster mass and light profiles of A1703, A370 and 
RXJ1347-11 from deep Subaru imaging}",
  journal = {\mnras},
archivePrefix = "arXiv",
   eprint = {0906.4791},
 keywords = {gravitational lensing, galaxies: clusters: individual: Abell 370, 
galaxies: clusters: individual: Abell 1703, galaxies: clusters: individual: 
RXJ1347.5-1145, galaxies: luminosity function, mass function, dark matter},
     year = 2010,
    month = jun,
   volume = 405,
    pages = {257-273},
      doi = {10.1111/j.1365-2966.2010.16491.x},
   adsurl = {http://adsabs.harvard.edu/abs/2010MNRAS.405..257M},
  adsnote = {Provided by the SAO/NASA Astrophysics Data System}
}

@ARTICLE{menanteau10_act,
   author = {{Menanteau}, F. and {Gonz{\'a}lez}, J. and {Juin}, J.-B. and 
    {Marriage}, T.~A. and {Reese}, E.~D. and {Acquaviva}, V. and 
    {Aguirre}, P. and {Appel}, J.~W. and {Baker}, A.~J. and {Barrientos}, L.~F. and 
    {Battistelli}, E.~S. and {Bond}, J.~R. and {Das}, S. and {Deshpande}, A.~J. and 
    {Devlin}, M.~J. and {Dicker}, S. and {Dunkley}, J. and {D{\"u}nner}, R. and 
    {Essinger-Hileman}, T. and {Fowler}, J.~W. and {Hajian}, A. and 
    {Halpern}, M. and {Hasselfield}, M. and {Hern{\'a}ndez-Monteagudo}, C. and 
    {Hilton}, M. and {Hincks}, A.~D. and {Hlozek}, R. and {Huffenberger}, K.~M. and 
    {Hughes}, J.~P. and {Infante}, L. and {Irwin}, K.~D. and {Klein}, J. and 
    {Kosowsky}, A. and {Lin}, Y.-T. and {Marsden}, D. and {Moodley}, K. and 
    {Niemack}, M.~D. and {Nolta}, M.~R. and {Page}, L.~A. and {Parker}, L. and 
    {Partridge}, B. and {Sehgal}, N. and {Sievers}, J. and {Spergel}, D.~N. and 
    {Staggs}, S.~T. and {Swetz}, D. and {Switzer}, E. and {Thornton}, R. and 
    {Trac}, H. and {Warne}, R. and {Wollack}, E.},
    title = "{The Atacama Cosmology Telescope: Physical Properties and Purity of a Galaxy 
Cluster Sample Selected via the Sunyaev-Zel'dovich Effect}",
  journal = {\apj},
archivePrefix = "arXiv",
   eprint = {1006.5126},
 primaryClass = "astro-ph.CO",
 keywords = {cosmic background radiation, cosmology: observations, galaxies: clusters: 
general, galaxies: distances and redshifts, large-scale structure of universe},
     year = 2010,
    month = nov,
   volume = 723,
    pages = {1523-1541},
      doi = {10.1088/0004-637X/723/2/1523},
   adsurl = {http://adsabs.harvard.edu/abs/2010ApJ...723.1523M},
  adsnote = {Provided by the SAO/NASA Astrophysics Data System}
}

@ARTICLE{menanteau12,
   author = {{Menanteau}, F. and {Hughes}, J.~P. and {Sif{\'o}n}, C. and 
    {Hilton}, M. and {Gonz{\'a}lez}, J. and {Infante}, L. and {Barrientos}, L.~F. and 
    {Baker}, A.~J. and {Bond}, J.~R. and {Das}, S. and {Devlin}, M.~J. and 
    {Dunkley}, J. and {Hajian}, A. and {Hincks}, A.~D. and {Kosowsky}, A. and 
    {Marsden}, D. and {Marriage}, T.~A. and {Moodley}, K. and {Niemack}, M.~D. and 
    {Nolta}, M.~R. and {Page}, L.~A. and {Reese}, E.~D. and {Sehgal}, N. and 
    {Sievers}, J. and {Spergel}, D.~N. and {Staggs}, S.~T. and {Wollack}, E.
    },
    title = "{The Atacama Cosmology Telescope: ACT-CL J0102-4915 ''El Gordo,'' a Massive 
Merging Cluster at Redshift 0.87}",
  journal = {\apj},
archivePrefix = "arXiv",
   eprint = {1109.0953},
 keywords = {cosmic background radiation, cosmology: observations, galaxies: clusters: 
general, galaxies: clusters: individual: ACT-CL J0102{\ndash}4915},
     year = 2012,
    month = mar,
   volume = 748,
      eid = {7},
    pages = {7},
      doi = {10.1088/0004-637X/748/1/7},
   adsurl = {http://adsabs.harvard.edu/abs/2012ApJ...748....7M},
  adsnote = {Provided by the SAO/NASA Astrophysics Data System}
}

@ARTICLE{menanteau13,
   author = {{Menanteau}, F. and {Sif{\'o}n}, C. and {Barrientos}, L.~F. and 
    {Battaglia}, N. and {Bond}, J.~R. and {Crichton}, D. and {Das}, S. and 
    {Devlin}, M.~J. and {Dicker}, S. and {D{\"u}nner}, R. and {Gralla}, M. and 
    {Hajian}, A. and {Hasselfield}, M. and {Hilton}, M. and {Hincks}, A.~D. and 
    {Hughes}, J.~P. and {Infante}, L. and {Kosowsky}, A. and {Marriage}, T.~A. and 
    {Marsden}, D. and {Moodley}, K. and {Niemack}, M.~D. and {Nolta}, M.~R. and 
    {Page}, L.~A. and {Partridge}, B. and {Reese}, E.~D. and {Schmitt}, B.~L. and 
    {Sievers}, J. and {Spergel}, D.~N. and {Staggs}, S.~T. and {Switzer}, E. and 
    {Wollack}, E.~J.},
    title = "{The Atacama Cosmology Telescope: Physical Properties of Sunyaev-Zel'dovich 
Effect Clusters on the Celestial Equator}",
  journal = {\apj},
archivePrefix = "arXiv",
   eprint = {1210.4048},
 keywords = {cosmic background radiation, cosmology: observations, galaxies: clusters: 
general, galaxies: distances and redshifts, large-scale structure of Universe},
     year = 2013,
    month = mar,
   volume = 765,
      eid = {67},
    pages = {67},
      doi = {10.1088/0004-637X/765/1/67},
   adsurl = {http://adsabs.harvard.edu/abs/2013ApJ...765...67M},
  adsnote = {Provided by the SAO/NASA Astrophysics Data System}
}

@ARTICLE{miyatake13,
   author = {{Miyatake}, H. and {Nishizawa}, A.~J. and {Takada}, M. and 
{Mandelbaum}, R. and 
    {Mineo}, S. and {Aihara}, H. and {Spergel}, D.~N. and {Bickerton}, S.~J. and 
    {Bond}, J.~R. and {Gralla}, M. and {Hajian}, A. and {Hilton}, M. and 
    {Hincks}, A.~D. and {Hughes}, J.~P. and {Infante}, L. and {Lin}, Y.-T. and 
    {Lupton}, R.~H. and {Marriage}, T.~A. and {Marsden}, D. and 
    {Menanteau}, F. and {Miyazaki}, S. and {Moodley}, K. and {Niemack}, M.~D. and 
    {Oguri}, M. and {Price}, P.~A. and {Reese}, E.~D. and {Sif{\'o}n}, C. and 
    {Wollack}, E.~J. and {Yasuda}, N.},
    title = "{Subaru weak lensing measurement of a z = 0.81 cluster discovered by 
the Atacama Cosmology Telescope Survey}",
  journal = {\mnras},
archivePrefix = "arXiv",
   eprint = {1209.4643},
 keywords = {gravitational lensing: weak, galaxies: clusters: individual: ACT-CL 
J0022.2-0036, cosmology: observation},
     year = 2013,
    month = mar,
   volume = 429,
    pages = {3627-3644},
      doi = {10.1093/mnras/sts643},
   adsurl = {http://adsabs.harvard.edu/abs/2013MNRAS.429.3627M},
  adsnote = {Provided by the SAO/NASA Astrophysics Data System}
}

@ARTICLE{motl05,
   author = {{Motl}, P.~M. and {Hallman}, E.~J. and {Burns}, J.~O. and {Norman}, M.~L.
    },
    title = "{The Integrated Sunyaev-Zeldovich Effect as a Superior Method for Measuring the 
Mass of Clusters of Galaxies}",
  journal = {\apjl},
   eprint = {astro-ph/0502226},
 keywords = {Cosmology: Cosmic Microwave Background, Cosmology: Observations, Galaxies: 
Clusters: General, Hydrodynamics, Methods: Numerical},
     year = 2005,
    month = apr,
   volume = 623,
    pages = {L63-L66},
      doi = {10.1086/430144},
   adsurl = {http://adsabs.harvard.edu/abs/2005ApJ...623L..63M},
  adsnote = {Provided by the SAO/NASA Astrophysics Data System}
}

@ARTICLE{munari13,
   author = {{Munari}, E. and {Biviano}, A. and {Borgani}, S. and {Murante}, G. 
and 
    {Fabjan}, D.},
    title = "{The relation between velocity dispersion and mass in simulated 
clusters of galaxies: dependence on the tracer and the baryonic physics}",
  journal = {\mnras},
archivePrefix = "arXiv",
   eprint = {1301.1682},
 primaryClass = "astro-ph.CO",
 keywords = {methods: numerical, galaxies: clusters: general, galaxies: evolution, 
galaxies: groups: general, galaxies: kinematics and dynamics, cosmology: theory},
     year = 2013,
    month = apr,
   volume = 430,
    pages = {2638-2649},
      doi = {10.1093/mnras/stt049},
   adsurl = {http://adsabs.harvard.edu/abs/2013MNRAS.430.2638M},
  adsnote = {Provided by the SAO/NASA Astrophysics Data System}
}

@ARTICLE{nagai06,
   author = {{Nagai}, D.},
    title = "{The Impact of Galaxy Formation on the Sunyaev-Zel'dovich Effect of 
Galaxy Clusters}",
  journal = {\apj},
   eprint = {astro-ph/0512208},
 keywords = {Cosmology: Theory, Galaxies: Clusters: General, Methods: Numerical},
     year = 2006,
    month = oct,
   volume = 650,
    pages = {538-549},
      doi = {10.1086/506467},
   adsurl = {http://adsabs.harvard.edu/abs/2006ApJ...650..538N},
  adsnote = {Provided by the SAO/NASA Astrophysics Data System}
}

@ARTICLE{nelson12,
   author = {{Nelson}, K. and {Rudd}, D.~H. and {Shaw}, L. and {Nagai}, D.
    },
    title = "{Evolution of the Merger-induced Hydrostatic Mass Bias in Galaxy 
Clusters}",
  journal = {\apj},
archivePrefix = "arXiv",
   eprint = {1112.3659},
 keywords = {cosmology: theory, galaxies: clusters: general},
     year = 2012,
    month = jun,
   volume = 751,
      eid = {121},
    pages = {121},
      doi = {10.1088/0004-637X/751/2/121},
   adsurl = {http://adsabs.harvard.edu/abs/2012ApJ...751..121N},
  adsnote = {Provided by the SAO/NASA Astrophysics Data System}
}

@ARTICLE{ng15,
   author = {{Ng}, K.~Y. and {Dawson}, W.~A. and {Wittman}, D. and {Jee}, M.~J. 
and 
    {Hughes}, J.~P. and {Menanteau}, F. and {Sif{\'o}n}, C.},
    title = "{The return of the merging galaxy subclusters of El Gordo?}",
  journal = {\mnras},
archivePrefix = "arXiv",
   eprint = {1412.1826},
 keywords = {methods: statistical, galaxies: clusters: individual (ACT-CL 
J0102-4915), galaxies: high-redshift, cosmology: observations, dark matter},
     year = 2015,
    month = oct,
   volume = 453,
    pages = {1531-1549},
      doi = {10.1093/mnras/stv1713},
   adsurl = {http://adsabs.harvard.edu/abs/2015MNRAS.453.1531N},
  adsnote = {Provided by the SAO/NASA Astrophysics Data System}
}

@ARTICLE{ntampaka15,
   author = {{Ntampaka}, M. and {Trac}, H. and {Sutherland}, D.~J. and 
{Battaglia}, N. and 
    {P{\'o}czos}, B. and {Schneider}, J.},
    title = "{A Machine Learning Approach for Dynamical Mass Measurements of 
Galaxy Clusters}",
  journal = {\apj},
archivePrefix = "arXiv",
   eprint = {1410.0686},
 keywords = {cosmology: theory, dark matter, galaxies: clusters: general, 
galaxies: kinematics and dynamics, gravitation, large-scale structure of universe, 
methods: statistical},
     year = 2015,
    month = apr,
   volume = 803,
      eid = {50},
    pages = {50},
      doi = {10.1088/0004-637X/803/2/50},
   adsurl = {http://adsabs.harvard.edu/abs/2015ApJ...803...50N},
  adsnote = {Provided by the SAO/NASA Astrophysics Data System}
}

@ARTICLE{ntampaka16,
   author = {{Ntampaka}, M. and {Trac}, H. and {Sutherland}, D.~J. and 
{Fromenteau}, S. and 
    {Poczos}, B. and {Schneider}, J.},
    title = "{Dynamical Mass Measurements of Contaminated Galaxy Clusters Using 
Machine Learning}",
  journal = {ArXiv e-prints},
archivePrefix = "arXiv",
   eprint = {1509.05409},
 keywords = {Astrophysics - Cosmology and Nongalactic Astrophysics},
     year = 2015,
    month = sep,
   adsurl = {http://adsabs.harvard.edu/abs/2015arXiv150905409N},
  adsnote = {Provided by the SAO/NASA Astrophysics Data System}
}

@ARTICLE{old13,
   author = {{Old}, L. and {Gray}, M.~E. and {Pearce}, F.~R.},
    title = "{Brighter galaxy bias: underestimating the velocity dispersions of 
galaxy clusters}",
  journal = {\mnras},
archivePrefix = "arXiv",
   eprint = {1306.6496},
 keywords = {methods: numerical, galaxies: clusters: general, galaxies: haloes, 
galaxies: kinematics and dynamics, cosmology: observations},
     year = 2013,
    month = sep,
   volume = 434,
    pages = {2606-2615},
      doi = {10.1093/mnras/stt1201},
   adsurl = {http://adsabs.harvard.edu/abs/2013MNRAS.434.2606O},
  adsnote = {Provided by the SAO/NASA Astrophysics Data System}
}

@ARTICLE{old14,
   author = {{Old}, L. and {Skibba}, R.~A. and {Pearce}, F.~R. and {Croton}, D. and 
    {Muldrew}, S.~I. and {Mu{\~n}oz-Cuartas}, J.~C. and {Gifford}, D. and 
    {Gray}, M.~E. and {der Linden}, A.~v. and {Mamon}, G.~A. and 
    {Merrifield}, M.~R. and {M{\"u}ller}, V. and {Pearson}, R.~J. and 
    {Ponman}, T.~J. and {Saro}, A. and {Sepp}, T. and {Sif{\'o}n}, C. and 
    {Tempel}, E. and {Tundo}, E. and {Wang}, Y.~O. and {Wojtak}, R.
    },
    title = "{Galaxy cluster mass reconstruction project - I. Methods and first results on 
galaxy-based techniques}",
  journal = {\mnras},
archivePrefix = "arXiv",
   eprint = {1403.4610},
 keywords = {methods: numerical, methods: statistical, galaxies: clusters: general, 
galaxies: haloes, galaxies: kinematics and dynamics, cosmology: observations},
     year = 2014,
    month = jun,
   volume = 441,
    pages = {1513-1536},
      doi = {10.1093/mnras/stu545},
   adsurl = {http://adsabs.harvard.edu/abs/2014MNRAS.441.1513O},
  adsnote = {Provided by the SAO/NASA Astrophysics Data System}
}

@ARTICLE{old15,
   author = {{Old}, L. and {Wojtak}, R. and {Mamon}, G.~A. and {Skibba}, R.~A. and 
    {Pearce}, F.~R. and {Croton}, D. and {Bamford}, S. and {Behroozi}, P. and 
    {de Carvalho}, R. and {Mu{\~n}oz-Cuartas}, J.~C. and {Gifford}, D. and 
    {Gray}, M.~E. and {der Linden}, A.~v. and {Merrifield}, M.~R. and 
    {Muldrew}, S.~I. and {M{\"u}ller}, V. and {Pearson}, R.~J. and 
    {Ponman}, T.~J. and {Rozo}, E. and {Rykoff}, E. and {Saro}, A. and 
    {Sepp}, T. and {Sif{\'o}n}, C. and {Tempel}, E.},
    title = "{Galaxy Cluster Mass Reconstruction Project - II. Quantifying scatter and bias 
using contrasting mock catalogues}",
  journal = {\mnras},
archivePrefix = "arXiv",
   eprint = {1502.07347},
 keywords = {methods: numerical, methods: statistical, galaxies: haloes, galaxies: 
kinematics and dynamics, cosmology: observations},
     year = 2015,
    month = may,
   volume = 449,
    pages = {1897-1920},
      doi = {10.1093/mnras/stv421},
   adsurl = {http://adsabs.harvard.edu/abs/2015MNRAS.449.1897O},
  adsnote = {Provided by the SAO/NASA Astrophysics Data System}
}

@ARTICLE{pacaud07,
   author = {{Pacaud}, F. and {Pierre}, M. and {Adami}, C. and {Altieri}, B. and 
    {Andreon}, S. and {Chiappetti}, L. and {Detal}, A. and {Duc}, P.-A. and 
    {Galaz}, G. and {Gueguen}, A. and {Le F{\`e}vre}, J.-P. and 
    {Hertling}, G. and {Libbrecht}, C. and {Melin}, J.-B. and {Ponman}, T.~J. and 
    {Quintana}, H. and {Refregier}, A. and {Sprimont}, P.-G. and 
    {Surdej}, J. and {Valtchanov}, I. and {Willis}, J.~P. and {Alloin}, D. and 
    {Birkinshaw}, M. and {Bremer}, M.~N. and {Garcet}, O. and {Jean}, C. and 
    {Jones}, L.~R. and {Le F{\`e}vre}, O. and {Maccagni}, D. and 
    {Mazure}, A. and {Proust}, D. and {R{\"o}ttgering}, H.~J.~A. and 
    {Trinchieri}, G.},
    title = "{The XMM-LSS survey: the Class 1 cluster sample over the initial 5 
deg$^{2}$ and its cosmological modelling}",
  journal = {\mnras},
archivePrefix = "arXiv",
   eprint = {0709.1950},
 keywords = {surveys, cosmological parameters, large-scale structure of Universe, 
X-rays: galaxies: clusters},
     year = 2007,
    month = dec,
   volume = 382,
    pages = {1289-1308},
      doi = {10.1111/j.1365-2966.2007.12468.x},
   adsurl = {http://adsabs.harvard.edu/abs/2007MNRAS.382.1289P},
  adsnote = {Provided by the SAO/NASA Astrophysics Data System}
}

@ARTICLE{pinkney96,
   author = {{Pinkney}, J. and {Roettiger}, K. and {Burns}, J.~O. and {Bird}, C.~M.
    },
    title = "{Evaluation of Statistical Tests for Substructure in Clusters of Galaxies}",
  journal = {\apjs},
 keywords = {GALAXIES: CLUSTERS: GENERAL, GALAXIES: DISTANCES AND REDSHIFTS, GALAXIES: 
INTERACTIONS, METHODS: NUMERICAL},
     year = 1996,
    month = may,
   volume = 104,
    pages = {1},
      doi = {10.1086/192290},
   adsurl = {http://adsabs.harvard.edu/abs/1996ApJS..104....1P},
  adsnote = {Provided by the SAO/NASA Astrophysics Data System}
}

@ARTICLE{planck11xi,
   author = {{Planck Collaboration}},
    title = "{Planck early results. XI. Calibration of the local galaxy cluster 
Sunyaev-Zeldovich scaling relations}",
  journal = {\aap},
archivePrefix = "arXiv",
   eprint = {1101.2026},
 keywords = {galaxies: clusters: interacluster medium, X-rays: galaxies: clusters, 
cosmology: observations},
     year = 2011,
    month = dec,
   volume = 536,
      eid = {A11},
    pages = {A11},
      doi = {10.1051/0004-6361/201116458},
   adsurl = {http://adsabs.harvard.edu/abs/2011A%26A...536A..11P},
  adsnote = {Provided by the SAO/NASA Astrophysics Data System}
}

@ARTICLE{planck11xii,
   author = {{Planck Collaboration}},
    title = "{Planck early results. XII. Cluster Sunyaev-Zeldovich optical scaling 
relations}",
  journal = {\aap},
archivePrefix = "arXiv",
   eprint = {1101.2027},
 keywords = {galaxies: clusters: intracluster medium, cosmic background radiation, 
large-scale structure of Universe, cosmology: observations, galaxies: clusters: 
general},
     year = 2011,
    month = dec,
   volume = 536,
      eid = {A12},
    pages = {A12},
      doi = {10.1051/0004-6361/201116489},
   adsurl = {http://adsabs.harvard.edu/abs/2011A%26A...536A..12P},
  adsnote = {Provided by the SAO/NASA Astrophysics Data System}
}

@ARTICLE{planckintiii,
   author = {{Planck Collaboration}},
    title = "{Planck intermediate results. III. The relation between galaxy 
cluster mass and Sunyaev-Zeldovich signal}",
  journal = {\aap},
archivePrefix = "arXiv",
   eprint = {1204.2743},
 keywords = {X-rays: galaxies: clusters, galaxies: clusters: intracluster medium, 
galaxies: clusters: general, cosmology: observations},
     year = 2013,
    month = feb,
   volume = 550,
      eid = {A129},
    pages = {A129},
      doi = {10.1051/0004-6361/201219398},
   adsurl = {http://adsabs.harvard.edu/abs/2013A%26A...550A.129P},
  adsnote = {Provided by the SAO/NASA Astrophysics Data System}
}

@ARTICLE{planck13xvi,
   author = {{Planck Collaboration}},
    title = "{Planck 2013 results. XVI. Cosmological parameters}",
  journal = {\aap},
archivePrefix = "arXiv",
   eprint = {1303.5076},
 keywords = {cosmic background radiation, cosmological parameters, early Universe, 
inflation, primordial nucleosynthesis},
     year = 2014,
    month = nov,
   volume = 571,
      eid = {A16},
    pages = {A16},
      doi = {10.1051/0004-6361/201321591},
   adsurl = {http://adsabs.harvard.edu/abs/2014A%26A...571A..16P},
  adsnote = {Provided by the SAO/NASA Astrophysics Data System}
}

@ARTICLE{planck15xiii,
   author = {{Planck Collaboration}},
    title = "{Planck 2015 results. XIII. Cosmological parameters}",
  journal = {ArXiv e-prints},
archivePrefix = "arXiv",
   eprint = {1502.01589},
 keywords = {Astrophysics - Cosmology and Nongalactic Astrophysics},
     year = 2015,
    month = feb,
   adsurl = {http://adsabs.harvard.edu/abs/2015arXiv150201589P},
  adsnote = {Provided by the SAO/NASA Astrophysics Data System}
}

@ARTICLE{planck15xxiv,
   author = {{Planck Collaboration}},
    title = "{Planck 2015 results. XXIV. Cosmology from Sunyaev-Zeldovich cluster counts}",
  journal = {ArXiv e-prints},
archivePrefix = "arXiv",
   eprint = {1502.01597},
 keywords = {Astrophysics - Cosmology and Nongalactic Astrophysics},
     year = 2015,
    month = feb,
   adsurl = {http://adsabs.harvard.edu/abs/2015arXiv150201597P},
  adsnote = {Provided by the SAO/NASA Astrophysics Data System}
}

@ARTICLE{planck15xxvii,
   author = {{Planck Collaboration}},
    title = "{Planck 2015 results. XXVII. The Second Planck Catalogue of Sunyaev-Zeldovich 
Sources}",
  journal = {ArXiv e-prints},
archivePrefix = "arXiv",
   eprint = {1502.01598},
 keywords = {Astrophysics - Cosmology and Nongalactic Astrophysics},
     year = 2015,
    month = feb,
   adsurl = {http://adsabs.harvard.edu/abs/2015arXiv150201598P},
  adsnote = {Provided by the SAO/NASA Astrophysics Data System}
}

@ARTICLE{poole07,
   author = {{Poole}, G.~B. and {Babul}, A. and {McCarthy}, I.~G. and {Fardal}, 
M.~A. and 
    {Bildfell}, C.~J. and {Quinn}, T. and {Mahdavi}, A.},
    title = "{The impact of mergers on relaxed X-ray clusters - II. Effects on 
global X-ray and Sunyaev-Zel'dovich properties and their scaling relations}",
  journal = {\mnras},
   eprint = {astro-ph/0701586},
 keywords = {galaxies: clusters: general, intergalactic medium, cosmology: theory, 
X-rays: general},
     year = 2007,
    month = sep,
   volume = 380,
    pages = {437-454},
      doi = {10.1111/j.1365-2966.2007.12107.x},
   adsurl = {http://adsabs.harvard.edu/abs/2007MNRAS.380..437P},
  adsnote = {Provided by the SAO/NASA Astrophysics Data System}
}

@ARTICLE{prada12,
   author = {{Prada}, F. and {Klypin}, A.~A. and {Cuesta}, A.~J. and 
{Betancort-Rijo}, J.~E. and 
    {Primack}, J.},
    title = "{Halo concentrations in the standard {$\Lambda$} cold dark matter 
cosmology}",
  journal = {\mnras},
archivePrefix = "arXiv",
   eprint = {1104.5130},
 keywords = {galaxies: haloes, cosmology: theory, dark matter},
     year = 2012,
    month = jul,
   volume = 423,
    pages = {3018-3030},
      doi = {10.1111/j.1365-2966.2012.21007.x},
   adsurl = {http://adsabs.harvard.edu/abs/2012MNRAS.423.3018P},
  adsnote = {Provided by the SAO/NASA Astrophysics Data System}
}

@ARTICLE{quintana00,
   author = {{Quintana}, H. and {Carrasco}, E.~R. and {Reisenegger}, A.},
    title = "{The Shapley Supercluster. II. Spectroscopic Observations in a Wide 
Area and General Morphology}",
  journal = {\aj},
   eprint = {astro-ph/0007210},
 keywords = {Catalogs, Cosmology: Observations, Galaxies: Clusters: General, 
Galaxies: Distances and Redshifts, Cosmology: Large-Scale Structure of Universe, 
Surveys},
     year = 2000,
    month = aug,
   volume = 120,
    pages = {511-522},
      doi = {10.1086/301476},
   adsurl = {http://adsabs.harvard.edu/abs/2000AJ....120..511Q},
  adsnote = {Provided by the SAO/NASA Astrophysics Data System}
}

@ARTICLE{reese12,
   author = {{Reese}, E.~D. and {Mroczkowski}, T. and {Menanteau}, F. and 
    {Hilton}, M. and {Sievers}, J. and {Aguirre}, P. and {Appel}, J.~W. and 
    {Baker}, A.~J. and {Bond}, J.~R. and {Das}, S. and {Devlin}, M.~J. and 
    {Dicker}, S.~R. and {D{\"u}nner}, R. and {Essinger-Hileman}, T. and 
    {Fowler}, J.~W. and {Hajian}, A. and {Halpern}, M. and {Hasselfield}, M. and 
    {Hill}, J.~C. and {Hincks}, A.~D. and {Huffenberger}, K.~M. and 
    {Hughes}, J.~P. and {Irwin}, K.~D. and {Klein}, J. and {Kosowsky}, A. and 
    {Lin}, Y.-T. and {Marriage}, T.~A. and {Marsden}, D. and {Moodley}, K. and 
    {Niemack}, M.~D. and {Nolta}, M.~R. and {Page}, L.~A. and {Parker}, L. and 
    {Partridge}, B. and {Rojas}, F. and {Sehgal}, N. and {Sif{\'o}n}, C. and 
    {Spergel}, D.~N. and {Staggs}, S.~T. and {Swetz}, D.~S. and 
    {Switzer}, E.~R. and {Thornton}, R. and {Trac}, H. and {Wollack}, E.~J.
    },
    title = "{The Atacama Cosmology Telescope: High-resolution Sunyaev-Zel'dovich 
Array Observations of ACT SZE-selected Clusters from the Equatorial Strip}",
  journal = {\apj},
archivePrefix = "arXiv",
   eprint = {1108.3343},
 keywords = {cosmic background radiation, cosmology: observations, galaxies: 
clusters: general, techniques: interferometric, X-rays: galaxies: clusters},
     year = 2012,
    month = may,
   volume = 751,
      eid = {12},
    pages = {12},
      doi = {10.1088/0004-637X/751/1/12},
   adsurl = {http://adsabs.harvard.edu/abs/2012ApJ...751...12R},
  adsnote = {Provided by the SAO/NASA Astrophysics Data System}
}

@ARTICLE{reid06,
   author = {{Reid}, B.~A. and {Spergel}, D.~N.},
    title = "{Sunyaev-Zel'dovich Effect Signals in Cluster Models}",
  journal = {\apj},
   eprint = {astro-ph/0601133},
 keywords = {Cosmology: Cosmic Microwave Background, Cosmology: Cosmological 
Parameters, Galaxies: Clusters: General, X-Rays: Galaxies: Clusters},
     year = 2006,
    month = nov,
   volume = 651,
    pages = {643-657},
      doi = {10.1086/507862},
   adsurl = {http://adsabs.harvard.edu/abs/2006ApJ...651..643R},
  adsnote = {Provided by the SAO/NASA Astrophysics Data System}
}

@ARTICLE{richard10,
   author = {{Richard}, J. and {Kneib}, J.-P. and {Limousin}, M. and {Edge}, A. 
and 
    {Jullo}, E.},
    title = "{Abell 370 revisited: refurbished Hubble imaging of the first strong 
lensing cluster}",
  journal = {\mnras},
archivePrefix = "arXiv",
   eprint = {0910.5553},
 keywords = {gravitational lensing, galaxies: clusters: general, galaxies: 
clusters: individual (A370)},
     year = 2010,
    month = feb,
   volume = 402,
    pages = {L44-L48},
      doi = {10.1111/j.1745-3933.2009.00796.x},
   adsurl = {http://adsabs.harvard.edu/abs/2010MNRAS.402L..44R},
  adsnote = {Provided by the SAO/NASA Astrophysics Data System}
}

@ARTICLE{riebe13,
   author = {{Riebe}, K. and {Partl}, A.~M. and {Enke}, H. and {Forero-Romero}, J. 
and 
    {Gottl{\"o}ber}, S. and {Klypin}, A. and {Lemson}, G. and {Prada}, F. and 
    {Primack}, J.~R. and {Steinmetz}, M. and {Turchaninov}, V.},
    title = "{The MultiDark Database: Release of the Bolshoi and MultiDark 
cosmological simulations}",
  journal = {Astronomische Nachrichten},
 keywords = {\%simulation, cosmology, database, Virtual Observatory},
     year = 2013,
    month = aug,
   volume = 334,
    pages = {691-708},
      doi = {10.1002/asna.201211900},
   adsurl = {http://adsabs.harvard.edu/abs/2013AN....334..691R},
  adsnote = {Provided by the SAO/NASA Astrophysics Data System}
}

@ARTICLE{rines16,
   author = {{Rines}, K.~J. and {Geller}, M.~J. and {Diaferio}, A. and {Hwang}, H.~S.
    },
    title = "{HeCS-SZ: The Hectospec Survey of Sunyaev-Zeldovich-selected Clusters}",
  journal = {\apj},
archivePrefix = "arXiv",
   eprint = {1507.08289},
 keywords = {cosmology: observations, galaxies: clusters: general, galaxies: distances and 
redshifts, galaxies: kinematics and dynamics},
     year = 2016,
    month = mar,
   volume = 819,
      eid = {63},
    pages = {63},
      doi = {10.3847/0004-637X/819/1/63},
   adsurl = {http://adsabs.harvard.edu/abs/2016ApJ...819...63R},
  adsnote = {Provided by the SAO/NASA Astrophysics Data System}
}

@ARTICLE{rines13,
   author = {{Rines}, K. and {Geller}, M.~J. and {Diaferio}, A. and {Kurtz}, M.~J.
    },
    title = "{Measuring the Ultimate Halo Mass of Galaxy Clusters: Redshifts and Mass 
Profiles from the Hectospec Cluster Survey (HeCS)}",
  journal = {\apj},
archivePrefix = "arXiv",
   eprint = {1209.3786},
 keywords = {cosmology: observations, galaxies: clusters: general, galaxies: kinematics and 
dynamics},
     year = 2013,
    month = apr,
   volume = 767,
      eid = {15},
    pages = {15},
      doi = {10.1088/0004-637X/767/1/15},
   adsurl = {http://adsabs.harvard.edu/abs/2013ApJ...767...15R},
  adsnote = {Provided by the SAO/NASA Astrophysics Data System}
}

@ARTICLE{rozo14_scalings,
   author = {{Rozo}, E. and {Evrard}, A.~E. and {Rykoff}, E.~S. and {Bartlett}, 
J.~G.
    },
    title = "{A comparative study of local galaxy clusters - II. X-ray and SZ 
scaling relations}",
  journal = {\mnras},
archivePrefix = "arXiv",
   eprint = {1204.6292},
 keywords = {galaxies: clusters: general},
     year = 2014,
    month = feb,
   volume = 438,
    pages = {62-77},
      doi = {10.1093/mnras/stt2160},
   adsurl = {http://adsabs.harvard.edu/abs/2014MNRAS.438...62R},
  adsnote = {Provided by the SAO/NASA Astrophysics Data System}
}

@ARTICLE{rozo14_observables,
   author = {{Rozo}, E. and {Rykoff}, E.~S. and {Bartlett}, J.~G. and {Evrard}, A.
    },
    title = "{A comparative study of local galaxy clusters - I. Derived X-ray 
observables}",
  journal = {\mnras},
archivePrefix = "arXiv",
   eprint = {1204.6301},
 keywords = {galaxies: clusters: general},
     year = 2014,
    month = feb,
   volume = 438,
    pages = {49-61},
      doi = {10.1093/mnras/stt2091},
   adsurl = {http://adsabs.harvard.edu/abs/2014MNRAS.438...49R},
  adsnote = {Provided by the SAO/NASA Astrophysics Data System}
}

@ARTICLE{rozo10,
   author = {{Rozo}, E. and {Wechsler}, R.~H. and {Rykoff}, E.~S. and {Annis}, 
J.~T. and 
    {Becker}, M.~R. and {Evrard}, A.~E. and {Frieman}, J.~A. and 
    {Hansen}, S.~M. and {Hao}, J. and {Johnston}, D.~E. and {Koester}, B.~P. and 
    {McKay}, T.~A. and {Sheldon}, E.~S. and {Weinberg}, D.~H.},
    title = "{Cosmological Constraints from the Sloan Digital Sky Survey maxBCG 
Cluster Catalog}",
  journal = {\apj},
archivePrefix = "arXiv",
   eprint = {0902.3702},
 primaryClass = "astro-ph.CO",
 keywords = {cosmological parameters, cosmology: observations, large-scale 
structure of universe},
     year = 2010,
    month = jan,
   volume = 708,
    pages = {645-660},
      doi = {10.1088/0004-637X/708/1/645},
   adsurl = {http://adsabs.harvard.edu/abs/2010ApJ...708..645R},
  adsnote = {Provided by the SAO/NASA Astrophysics Data System}
}

@ARTICLE{ruel14,
   author = {{Ruel}, J. and {Bazin}, G. and {Bayliss}, M. and {Brodwin}, M. and 
    {Foley}, R.~J. and {Stalder}, B. and {Aird}, K.~A. and {Armstrong}, R. and 
    {Ashby}, M.~L.~N. and {Bautz}, M. and {Benson}, B.~A. and {Bleem}, L.~E. and 
    {Bocquet}, S. and {Carlstrom}, J.~E. and {Chang}, C.~L. and 
    {Chapman}, S.~C. and {Cho}, H.~M. and {Clocchiatti}, A. and 
    {Crawford}, T.~M. and {Crites}, A.~T. and {de Haan}, T. and 
    {Desai}, S. and {Dobbs}, M.~A. and {Dudley}, J.~P. and {Forman}, W.~R. and 
    {George}, E.~M. and {Gladders}, M.~D. and {Gonzalez}, A.~H. and 
    {Halverson}, N.~W. and {Harrington}, N.~L. and {High}, F.~W. and 
    {Holder}, G.~P. and {Holzapfel}, W.~L. and {Hrubes}, J.~D. and 
    {Jones}, C. and {Joy}, M. and {Keisler}, R. and {Knox}, L. and 
    {Lee}, A.~T. and {Leitch}, E.~M. and {Liu}, J. and {Lueker}, M. and 
    {Luong-Van}, D. and {Mantz}, A. and {Marrone}, D.~P. and {McDonald}, M. and 
    {McMahon}, J.~J. and {Mehl}, J. and {Meyer}, S.~S. and {Mocanu}, L. and 
    {Mohr}, J.~J. and {Montroy}, T.~E. and {Murray}, S.~S. and {Natoli}, T. and 
    {Nurgaliev}, D. and {Padin}, S. and {Plagge}, T. and {Pryke}, C. and 
    {Reichardt}, C.~L. and {Rest}, A. and {Ruhl}, J.~E. and {Saliwanchik}, B.~R. 
and 
    {Saro}, A. and {Sayre}, J.~T. and {Schaffer}, K.~K. and {Shaw}, L. and 
    {Shirokoff}, E. and {Song}, J. and {{\v S}uhada}, R. and {Spieler}, H.~G. and 
    {Stanford}, S.~A. and {Staniszewski}, Z. and {Starsk}, A.~A. and 
    {Story}, K. and {Stubbs}, C.~W. and {van Engelen}, A. and {Vanderlinde}, K. 
and 
    {Vieira}, J.~D. and {Vikhlinin}, A. and {Williamson}, R. and 
    {Zahn}, O. and {Zenteno}, A.},
    title = "{Optical Spectroscopy and Velocity Dispersions of Galaxy Clusters 
from the SPT-SZ Survey}",
  journal = {\apj},
archivePrefix = "arXiv",
   eprint = {1311.4953},
 keywords = {catalogs, galaxies: clusters: general },
     year = 2014,
    month = sep,
   volume = 792,
      eid = {45},
    pages = {45},
      doi = {10.1088/0004-637X/792/1/45},
   adsurl = {http://adsabs.harvard.edu/abs/2014ApJ...792...45R},
  adsnote = {Provided by the SAO/NASA Astrophysics Data System}
}

@ARTICLE{saro13,
   author = {{Saro}, A. and {Mohr}, J.~J. and {Bazin}, G. and {Dolag}, K.
    },
    title = "{Toward Unbiased Galaxy Cluster Masses from Line-of-sight Velocity 
Dispersions}",
  journal = {\apj},
archivePrefix = "arXiv",
   eprint = {1203.5708},
 keywords = {cosmology: theory, galaxies: clusters: general, galaxies: kinematics 
and dynamics, large-scale structure of universe, methods: numerical, methods: 
statistical },
     year = 2013,
    month = jul,
   volume = 772,
      eid = {47},
    pages = {47},
      doi = {10.1088/0004-637X/772/1/47},
   adsurl = {http://adsabs.harvard.edu/abs/2013ApJ...772...47S},
  adsnote = {Provided by the SAO/NASA Astrophysics Data System}
}

@ARTICLE{sehgal13,
   author = {{Sehgal}, N. and {Addison}, G. and {Battaglia}, N. and {Battistelli}, 
E.~S. and 
    {Bond}, J.~R. and {Das}, S. and {Devlin}, M.~J. and {Dunkley}, J. and 
    {D{\"u}nner}, R. and {Gralla}, M. and {Hajian}, A. and {Halpern}, M. and 
    {Hasselfield}, M. and {Hilton}, M. and {Hincks}, A.~D. and {Hlozek}, R. and 
    {Hughes}, J.~P. and {Kosowsky}, A. and {Lin}, Y.-T. and {Louis}, T. and 
    {Marriage}, T.~A. and {Marsden}, D. and {Menanteau}, F. and 
    {Moodley}, K. and {Niemack}, M.~D. and {Page}, L.~A. and {Partridge}, B. and 
    {Reese}, E.~D. and {Sherwin}, B.~D. and {Sievers}, J. and {Sif{\'o}n}, C. and 
    {Spergel}, D.~N. and {Staggs}, S.~T. and {Swetz}, D.~S. and 
    {Switzer}, E.~R. and {Wollack}, E.},
    title = "{The Atacama Cosmology Telescope: Relation between Galaxy Cluster 
Optical Richness and Sunyaev-Zel'dovich Effect}",
  journal = {\apj},
archivePrefix = "arXiv",
   eprint = {1205.2369},
 keywords = {cosmic background radiation, galaxies: clusters: general, galaxies: 
clusters: intracluster medium},
     year = 2013,
    month = apr,
   volume = 767,
      eid = {38},
    pages = {38},
      doi = {10.1088/0004-637X/767/1/38},
   adsurl = {http://adsabs.harvard.edu/abs/2013ApJ...767...38S},
  adsnote = {Provided by the SAO/NASA Astrophysics Data System}
}

@ARTICLE{sehgal11,
   author = {{Sehgal}, N. and {Trac}, H. and {Acquaviva}, V. and {Ade}, P.~A.~R. 
and 
    {Aguirre}, P. and {Amiri}, M. and {Appel}, J.~W. and {Barrientos}, L.~F. and 
    {Battistelli}, E.~S. and {Bond}, J.~R. and {Brown}, B. and {Burger}, B. and 
    {Chervenak}, J. and {Das}, S. and {Devlin}, M.~J. and {Dicker}, S.~R. and 
    {Bertrand Doriese}, W. and {Dunkley}, J. and {D{\"u}nner}, R. and 
    {Essinger-Hileman}, T. and {Fisher}, R.~P. and {Fowler}, J.~W. and 
    {Hajian}, A. and {Halpern}, M. and {Hasselfield}, M. and 
{Hern{\'a}ndez-Monteagudo}, C. and 
    {Hilton}, G.~C. and {Hilton}, M. and {Hincks}, A.~D. and {Hlozek}, R. and 
    {Holtz}, D. and {Huffenberger}, K.~M. and {Hughes}, D.~H. and 
    {Hughes}, J.~P. and {Infante}, L. and {Irwin}, K.~D. and {Jones}, A. and 
    {Baptiste Juin}, J. and {Klein}, J. and {Kosowsky}, A. and {Lau}, J.~M. and 
    {Limon}, M. and {Lin}, Y.-T. and {Lupton}, R.~H. and {Marriage}, T.~A. and 
    {Marsden}, D. and {Martocci}, K. and {Mauskopf}, P. and {Menanteau}, F. and 
    {Moodley}, K. and {Moseley}, H. and {Netterfield}, C.~B. and 
    {Niemack}, M.~D. and {Nolta}, M.~R. and {Page}, L.~A. and {Parker}, L. and 
    {Partridge}, B. and {Reid}, B. and {Sherwin}, B.~D. and {Sievers}, J. and 
    {Spergel}, D.~N. and {Staggs}, S.~T. and {Swetz}, D.~S. and 
    {Switzer}, E.~R. and {Thornton}, R. and {Tucker}, C. and {Warne}, R. and 
    {Wollack}, E. and {Zhao}, Y.},
    title = "{The Atacama Cosmology Telescope: Cosmology from Galaxy Clusters 
Detected via the Sunyaev-Zel'dovich Effect}",
  journal = {\apj},
archivePrefix = "arXiv",
   eprint = {1010.1025},
 keywords = {cosmic background radiation, cosmology: observations, galaxies: 
clusters: general},
     year = 2011,
    month = may,
   volume = 732,
      eid = {44},
    pages = {44},
      doi = {10.1088/0004-637X/732/1/44},
   adsurl = {http://adsabs.harvard.edu/abs/2011ApJ...732...44S},
  adsnote = {Provided by the SAO/NASA Astrophysics Data System}
}

@ARTICLE{shaw08,
   author = {{Shaw}, L.~D. and {Holder}, G.~P. and {Bode}, P.},
    title = "{The Impact of Halo Properties, Energy Feedback, and Projection 
Effects on the Mass-SZ Flux Relation}",
  journal = {\apj},
archivePrefix = "arXiv",
   eprint = {0710.4555},
 keywords = {dark matter, galaxies: clusters: general, intergalactic medium, 
methods: N-body simulations},
     year = 2008,
    month = oct,
   volume = 686,
      eid = {206-218},
    pages = {206-218},
      doi = {10.1086/589849},
   adsurl = {http://adsabs.harvard.edu/abs/2008ApJ...686..206S},
  adsnote = {Provided by the SAO/NASA Astrophysics Data System}
}

@ARTICLE{sifon13,
   author = {{Sif{\'o}n}, C. and {Menanteau}, F. and {Hasselfield}, M. and 
    {Marriage}, T.~A. and {Hughes}, J.~P. and {Barrientos}, L.~F. and 
    {Gonz{\'a}lez}, J. and {Infante}, L. and {Addison}, G.~E. and 
    {Baker}, A.~J. and {Battaglia}, N. and {Bond}, J.~R. and {Crichton}, D. and 
    {Das}, S. and {Devlin}, M.~J. and {Dunkley}, J. and {D{\"u}nner}, R. and 
    {Gralla}, M.~B. and {Hajian}, A. and {Hilton}, M. and {Hincks}, A.~D. and 
    {Kosowsky}, A.~B. and {Marsden}, D. and {Moodley}, K. and {Niemack}, M.~D. and 
    {Nolta}, M.~R. and {Page}, L.~A. and {Partridge}, B. and {Reese}, E.~D. and 
    {Sehgal}, N. and {Sievers}, J. and {Spergel}, D.~N. and {Staggs}, S.~T. and 
    {Thornton}, R.~J. and {Trac}, H. and {Wollack}, E.~J.},
    title = "{The Atacama Cosmology Telescope: Dynamical Masses and Scaling Relations for a 
Sample of Massive Sunyaev-Zel'dovich Effect Selected Galaxy Clusters}",
  journal = {\apj},
archivePrefix = "arXiv",
   eprint = {1201.0991},
 keywords = {cosmic background radiation, cosmology: observations, galaxies: clusters: 
general, galaxies: distances and redshifts },
     year = 2013,
    month = jul,
   volume = 772,
      eid = {25},
    pages = {25},
      doi = {10.1088/0004-637X/772/1/25},
   adsurl = {http://adsabs.harvard.edu/abs/2013ApJ...772...25S},
  adsnote = {Provided by the SAO/NASA Astrophysics Data System}
}

@ARTICLE{skibba11,
   author = {{Skibba}, R.~A. and {van den Bosch}, F.~C. and {Yang}, X. and 
    {More}, S. and {Mo}, H. and {Fontanot}, F.},
    title = "{Are brightest halo galaxies central galaxies?}",
  journal = {\mnras},
archivePrefix = "arXiv",
   eprint = {1001.4533},
 keywords = {methods: statistical, galaxies: clusters: general, galaxies: haloes, 
galaxies: kinematics and dynamics, dark matter},
     year = 2011,
    month = jan,
   volume = 410,
    pages = {417-431},
      doi = {10.1111/j.1365-2966.2010.17452.x},
   adsurl = {http://adsabs.harvard.edu/abs/2011MNRAS.410..417S},
  adsnote = {Provided by the SAO/NASA Astrophysics Data System}
}

@ARTICLE{skielboe12,
   author = {{Skielboe}, A. and {Wojtak}, R. and {Pedersen}, K. and {Rozo}, E. and 
    {Rykoff}, E.~S.},
    title = "{Spatial Anisotropy of Galaxy Kinematics in Sloan Digital Sky Survey Galaxy 
Clusters}",
  journal = {\apjl},
archivePrefix = "arXiv",
   eprint = {1208.4598},
 primaryClass = "astro-ph.CO",
 keywords = {galaxies: clusters: general, galaxies: kinematics and dynamics},
     year = 2012,
    month = oct,
   volume = 758,
      eid = {L16},
    pages = {L16},
      doi = {10.1088/2041-8205/758/1/L16},
   adsurl = {http://adsabs.harvard.edu/abs/2012ApJ...758L..16S},
  adsnote = {Provided by the SAO/NASA Astrophysics Data System}
}

@ARTICLE{soucail88,
   author = {{Soucail}, G. and {Mellier}, Y. and {Fort}, B. and {Cailloux}, M.
    },
    title = "{Spectroscopic observations of the distant cluster of galaxies Abell 
370 - A catalogue of 84 spectra}",
  journal = {\aaps},
 keywords = {Astronomical Catalogs, Astronomical Spectroscopy, Galactic Clusters, 
Astronomical Photometry, Graphs (Charts), Red Shift},
     year = 1988,
    month = jun,
   volume = 73,
    pages = {471-514},
   adsurl = {http://adsabs.harvard.edu/abs/1988A%26AS...73..471S},
  adsnote = {Provided by the SAO/NASA Astrophysics Data System}
}

@ARTICLE{springel05_gadget,
   author = {{Springel}, V.},
    title = "{The cosmological simulation code GADGET-2}",
  journal = {\mnras},
   eprint = {astro-ph/0505010},
 keywords = {methods: numerical, galaxies: interactions, dark matter},
     year = 2005,
    month = dec,
   volume = 364,
    pages = {1105-1134},
      doi = {10.1111/j.1365-2966.2005.09655.x},
   adsurl = {http://adsabs.harvard.edu/abs/2005MNRAS.364.1105S},
  adsnote = {Provided by the SAO/NASA Astrophysics Data System}
}

@ARTICLE{springel01_sz,
   author = {{Springel}, V. and {White}, M. and {Hernquist}, L.},
    title = "{Hydrodynamic Simulations of the Sunyaev-Zeldovich Effect(s)}",
  journal = {\apj},
   eprint = {astro-ph/0008133},
 keywords = {Cosmology: Cosmic Microwave Background, Cosmology: Theory, Galaxies: 
Clusters: General, Cosmology: Large-Scale Structure of Universe, Methods: 
Numerical},
     year = 2001,
    month = mar,
   volume = 549,
    pages = {681-687},
      doi = {10.1086/319473},
   adsurl = {http://adsabs.harvard.edu/abs/2001ApJ...549..681S},
  adsnote = {Provided by the SAO/NASA Astrophysics Data System}
}

@ARTICLE{springel05_millenium,
   author = {{Springel}, V. and {White}, S.~D.~M. and {Jenkins}, A. and {Frenk}, C.~S. and 
    {Yoshida}, N. and {Gao}, L. and {Navarro}, J. and {Thacker}, R. and 
    {Croton}, D. and {Helly}, J. and {Peacock}, J.~A. and {Cole}, S. and 
    {Thomas}, P. and {Couchman}, H. and {Evrard}, A. and {Colberg}, J. and 
    {Pearce}, F.},
    title = "{Simulations of the formation, evolution and clustering of galaxies and 
quasars}",
  journal = {\nat},
   eprint = {astro-ph/0504097},
     year = 2005,
    month = jun,
   volume = 435,
    pages = {629-636},
      doi = {10.1038/nature03597},
   adsurl = {http://adsabs.harvard.edu/abs/2005Natur.435..629S},
  adsnote = {Provided by the SAO/NASA Astrophysics Data System}
}

@ARTICLE{sunyaev80,
   author = {{Sunyaev}, R.~A. and {Zeldovich}, I.~B.},
    title = "{Microwave background radiation as a probe of the contemporary 
structure and history of the universe}",
  journal = {\araa},
 keywords = {Background Radiation, Cosmology, Microwaves, Relic Radiation, 
Universe, Big Bang Cosmology, Compton Effect, Cosmic Gases, Energy Transfer, 
Galactic Clusters, Intergalactic Media, Microwave Spectra},
     year = 1980,
   volume = 18,
    pages = {537-560},
      doi = {10.1146/annurev.aa.18.090180.002541},
   adsurl = {http://adsabs.harvard.edu/abs/1980ARA%26A..18..537S},
  adsnote = {Provided by the SAO/NASA Astrophysics Data System}
}

@ARTICLE{swetz11,
   author = {{Swetz}, D.~S. and {Ade}, P.~A.~R. and {Amiri}, M. and {Appel}, J.~W. 
and 
    {Battistelli}, E.~S. and {Burger}, B. and {Chervenak}, J. and 
    {Devlin}, M.~J. and {Dicker}, S.~R. and {Doriese}, W.~B. and 
    {D{\"u}nner}, R. and {Essinger-Hileman}, T. and {Fisher}, R.~P. and 
    {Fowler}, J.~W. and {Halpern}, M. and {Hasselfield}, M. and 
    {Hilton}, G.~C. and {Hincks}, A.~D. and {Irwin}, K.~D. and {Jarosik}, N. and 
    {Kaul}, M. and {Klein}, J. and {Lau}, J.~M. and {Limon}, M. and 
    {Marriage}, T.~A. and {Marsden}, D. and {Martocci}, K. and {Mauskopf}, P. and 
    {Moseley}, H. and {Netterfield}, C.~B. and {Niemack}, M.~D. and 
    {Nolta}, M.~R. and {Page}, L.~A. and {Parker}, L. and {Staggs}, S.~T. and 
    {Stryzak}, O. and {Switzer}, E.~R. and {Thornton}, R. and {Tucker}, C. and 
    {Wollack}, E. and {Zhao}, Y.},
    title = "{Overview of the Atacama Cosmology Telescope: Receiver, 
Instrumentation, and Telescope Systems}",
  journal = {\apjs},
archivePrefix = "arXiv",
   eprint = {1007.0290},
 primaryClass = "astro-ph.IM",
 keywords = {cosmic background radiation, cosmology: observations, 
instrumentation: detectors, instrumentation: miscellaneous, telescopes},
     year = 2011,
    month = jun,
   volume = 194,
      eid = {41},
    pages = {41},
      doi = {10.1088/0067-0049/194/2/41},
   adsurl = {http://adsabs.harvard.edu/abs/2011ApJS..194...41S},
  adsnote = {Provided by the SAO/NASA Astrophysics Data System}
}

@INPROCEEDINGS{vanderplas12,
   author = {{VanderPlas}, J. and {Connolly}, A.~J. and {Ivezic}, Z. and 
    {Gray}, A.},
    title = "{Introduction to astroML: Machine learning for astrophysics}",
booktitle = {Proceedings of Conference on Intelligent Data Understanding (CIDU), 
pp. 47-54, 2012.},
     year = 2012,
archivePrefix = "arXiv",
   eprint = {1411.5039},
 primaryClass = "astro-ph.IM",
    month = oct,
    pages = {47-54},
      doi = {10.1109/CIDU.2012.6382200},
   adsurl = {http://adsabs.harvard.edu/abs/2012cidu.conf...47V},
  adsnote = {Provided by the SAO/NASA Astrophysics Data System}
}

@ARTICLE{vikhlinin09_cosmo,
   author = {{Vikhlinin}, A. and {Kravtsov}, A.~V. and {Burenin}, R.~A. and 
    {Ebeling}, H. and {Forman}, W.~R. and {Hornstrup}, A. and {Jones}, C. and 
    {Murray}, S.~S. and {Nagai}, D. and {Quintana}, H. and {Voevodkin}, A.
    },
    title = "{Chandra Cluster Cosmology Project III: Cosmological Parameter Constraints}",
  journal = {\apj},
archivePrefix = "arXiv",
   eprint = {0812.2720},
 keywords = {cosmological parameters, cosmology: observations, galaxies: clusters: general, 
dark matter, surveys},
     year = 2009,
    month = feb,
   volume = 692,
    pages = {1060-1074},
      doi = {10.1088/0004-637X/692/2/1060},
   adsurl = {http://adsabs.harvard.edu/abs/2009ApJ...692.1060V},
  adsnote = {Provided by the SAO/NASA Astrophysics Data System}
}

@ARTICLE{viola15,
   author = {{Viola}, M. and {Cacciato}, M. and {Brouwer}, M. and {Kuijken}, K. and 
    {Hoekstra}, H. and {Norberg}, P. and {Robotham}, A.~S.~G. and 
    {van Uitert}, E. and {Alpaslan}, M. and {Baldry}, I.~K. and 
    {Choi}, A. and {de Jong}, J.~T.~A. and {Driver}, S.~P. and {Erben}, T. and 
    {Grado}, A. and {Graham}, A.~W. and {Heymans}, C. and {Hildebrandt}, H. and 
    {Hopkins}, A.~M. and {Irisarri}, N. and {Joachimi}, B. and {Loveday}, J. and 
    {Miller}, L. and {Nakajima}, R. and {Schneider}, P. and {Sif{\'o}n}, C. and 
    {Verdoes Kleijn}, G.},
    title = "{Dark matter halo properties of GAMA galaxy groups from 100 square degrees of 
KiDS weak lensing data}",
  journal = {\mnras},
archivePrefix = "arXiv",
   eprint = {1507.00735},
 keywords = {methods: observational, methods: statistical, galaxies: groups: general, 
galaxies: haloes, dark matter, large-scale structure of Universe},
     year = 2015,
    month = oct,
   volume = 452,
    pages = {3529-3550},
      doi = {10.1093/mnras/stv1447},
   adsurl = {http://adsabs.harvard.edu/abs/2015MNRAS.452.3529V},
  adsnote = {Provided by the SAO/NASA Astrophysics Data System}
}

@ARTICLE{wen13,
   author = {{Wen}, Z.~L. and {Han}, J.~L.},
    title = "{Substructure and dynamical state of 2092 rich clusters of galaxies 
derived from photometric data}",
  journal = {\mnras},
archivePrefix = "arXiv",
   eprint = {1307.0568},
 primaryClass = "astro-ph.CO",
 keywords = {galaxies: clusters: general},
     year = 2013,
    month = nov,
   volume = 436,
    pages = {275-293},
      doi = {10.1093/mnras/stt1581},
   adsurl = {http://adsabs.harvard.edu/abs/2013MNRAS.436..275W},
  adsnote = {Provided by the SAO/NASA Astrophysics Data System}
}

@ARTICLE{white10,
   author = {{White}, M. and {Cohn}, J.~D. and {Smit}, R.},
    title = "{Cluster galaxy dynamics and the effects of large-scale environment}",
  journal = {\mnras},
archivePrefix = "arXiv",
   eprint = {1005.3022},
 keywords = {galaxies: clusters: general, cosmology: theory, large-scale structure of 
Universe},
     year = 2010,
    month = nov,
   volume = 408,
    pages = {1818-1834},
      doi = {10.1111/j.1365-2966.2010.17248.x},
   adsurl = {http://adsabs.harvard.edu/abs/2010MNRAS.408.1818W},
  adsnote = {Provided by the SAO/NASA Astrophysics Data System}
}

@ARTICLE{wik08,
   author = {{Wik}, D.~R. and {Sarazin}, C.~L. and {Ricker}, P.~M. and {Randall}, 
S.~W.
    },
    title = "{The Impact of Galaxy Cluster Mergers on Cosmological Parameter 
Estimation from Surveys of the Sunyaev-Zel'dovich Effect}",
  journal = {\apj},
archivePrefix = "arXiv",
   eprint = {0802.3695},
 keywords = {cosmic microwave background, cosmological parameters, galaxies: 
clusters: general, hydrodynamics, intergalactic medium, large-scale structure of 
universe },
     year = 2008,
    month = jun,
   volume = 680,
      eid = {17-31},
    pages = {17-31},
      doi = {10.1086/587790},
   adsurl = {http://adsabs.harvard.edu/abs/2008ApJ...680...17W},
  adsnote = {Provided by the SAO/NASA Astrophysics Data System}
}

@ARTICLE{wojtak07,
   author = {{Wojtak}, R. and {{\L}okas}, E.~L. and {Mamon}, G.~A. and 
{Gottl{\"o}ber}, S. and 
    {Prada}, F. and {Moles}, M.},
    title = "{Interloper treatment in dynamical modelling of galaxy clusters}",
  journal = {\aap},
   eprint = {astro-ph/0606579},
 keywords = {galaxies: clusters: general, cosmology: dark matter, methods: N-body 
simulations, methods: numerical, methods: statistical},
     year = 2007,
    month = may,
   volume = 466,
    pages = {437-449},
      doi = {10.1051/0004-6361:20066813},
   adsurl = {http://adsabs.harvard.edu/abs/2007A%26A...466..437W},
  adsnote = {Provided by the SAO/NASA Astrophysics Data System}
}

@ARTICLE{wright10,
   author = {{Wright}, E.~L. and {Eisenhardt}, P.~R.~M. and {Mainzer}, A.~K. and 
    {Ressler}, M.~E. and {Cutri}, R.~M. and {Jarrett}, T. and {Kirkpatrick}, J.~D. and 
    {Padgett}, D. and {McMillan}, R.~S. and {Skrutskie}, M. and 
    {Stanford}, S.~A. and {Cohen}, M. and {Walker}, R.~G. and {Mather}, J.~C. and 
    {Leisawitz}, D. and {Gautier}, III, T.~N. and {McLean}, I. and 
    {Benford}, D. and {Lonsdale}, C.~J. and {Blain}, A. and {Mendez}, B. and 
    {Irace}, W.~R. and {Duval}, V. and {Liu}, F. and {Royer}, D. and 
    {Heinrichsen}, I. and {Howard}, J. and {Shannon}, M. and {Kendall}, M. and 
    {Walsh}, A.~L. and {Larsen}, M. and {Cardon}, J.~G. and {Schick}, S. and 
    {Schwalm}, M. and {Abid}, M. and {Fabinsky}, B. and {Naes}, L. and 
    {Tsai}, C.-W.},
    title = "{The Wide-field Infrared Survey Explorer (WISE): Mission Description and 
Initial On-orbit Performance}",
  journal = {\aj},
archivePrefix = "arXiv",
   eprint = {1008.0031},
 primaryClass = "astro-ph.IM",
 keywords = {infrared: general, space vehicles, surveys},
     year = 2010,
    month = dec,
   volume = 140,
      eid = {1868-1881},
    pages = {1868-1881},
      doi = {10.1088/0004-6256/140/6/1868},
   adsurl = {http://adsabs.harvard.edu/abs/2010AJ....140.1868W},
  adsnote = {Provided by the SAO/NASA Astrophysics Data System}
}

@ARTICLE{wu13,
   author = {{Wu}, H.-Y. and {Hahn}, O. and {Evrard}, A.~E. and {Wechsler}, R.~H. 
and 
    {Dolag}, K.},
    title = "{Virial scaling of galaxies in clusters: bright to faint is cool to 
hot}",
  journal = {\mnras},
archivePrefix = "arXiv",
   eprint = {1307.0011},
 primaryClass = "astro-ph.CO",
 keywords = {methods: numerical, galaxies: clusters: general, galaxies: haloes, 
cosmology: theory, dark matter},
     year = 2013,
    month = nov,
   volume = 436,
    pages = {460-469},
      doi = {10.1093/mnras/stt1582},
   adsurl = {http://adsabs.harvard.edu/abs/2013MNRAS.436..460W},
  adsnote = {Provided by the SAO/NASA Astrophysics Data System}
}

@ARTICLE{yu15,
   author = {{Yu}, L. and {Nelson}, K. and {Nagai}, D.},
    title = "{The Influence of Mergers on Scatter and Evolution in 
Sunyaev-Zel'dovich Effect Scaling Relations}",
  journal = {\apj},
archivePrefix = "arXiv",
   eprint = {1501.00317},
 keywords = {cosmology: theory, galaxies: clusters: general, galaxies: clusters: 
intracluster medium},
     year = 2015,
    month = jul,
   volume = 807,
      eid = {12},
    pages = {12},
      doi = {10.1088/0004-637X/807/1/12},
   adsurl = {http://adsabs.harvard.edu/abs/2015ApJ...807...12Y},
  adsnote = {Provided by the SAO/NASA Astrophysics Data System}
}

@ARTICLE{zeldovich69,
   author = {{Zel'dovich}, Y.~B. and {Sunyaev}, R.~A.},
    title = "{The Interaction of Matter and Radiation in a Hot-Model Universe}",
  journal = {\apss},
     year = 1969,
    month = jul,
   volume = 4,
    pages = {301-316},
      doi = {10.1007/BF00661821},
   adsurl = {http://adsabs.harvard.edu/abs/1969Ap%26SS...4..301Z},
  adsnote = {Provided by the SAO/NASA Astrophysics Data System}
}

@ARTICLE{zitrin13,
   author = {{Zitrin}, A. and {Menanteau}, F. and {Hughes}, J.~P. and {Coe}, D. 
and 
    {Barrientos}, L.~F. and {Infante}, L. and {Mandelbaum}, R.},
    title = "{A Highly Elongated Prominent Lens at z = 0.87: First Strong-lensing 
Analysis of El Gordo}",
  journal = {\apjl},
archivePrefix = "arXiv",
   eprint = {1304.0455},
 primaryClass = "astro-ph.CO",
 keywords = {dark matter, galaxies: clusters: general, galaxies: clusters: 
individual: ACT-CL J0102-4915},
     year = 2013,
    month = jun,
   volume = 770,
      eid = {L15},
    pages = {L15},
      doi = {10.1088/2041-8205/770/1/L15},
   adsurl = {http://adsabs.harvard.edu/abs/2013ApJ...770L..15Z},
  adsnote = {Provided by the SAO/NASA Astrophysics Data System}
}

@ARTICLE{dasilva04,
   author = {{da Silva}, A.~C. and {Kay}, S.~T. and {Liddle}, A.~R. and {Thomas}, 
P.~A.
    },
    title = "{Hydrodynamical simulations of the Sunyaev-Zel'dovich effect: cluster 
scaling relations and X-ray properties}",
  journal = {\mnras},
   eprint = {astro-ph/0308074},
 keywords = {hydrodynamics, methods: numerical, cosmic microwave background, 
X-rays: galaxies: clusters},
     year = 2004,
    month = mar,
   volume = 348,
    pages = {1401-1408},
      doi = {10.1111/j.1365-2966.2004.07463.x},
   adsurl = {http://adsabs.harvard.edu/abs/2004MNRAS.348.1401D},
  adsnote = {Provided by the SAO/NASA Astrophysics Data System}
}

@ARTICLE{vandokkum01,
   author = {{van Dokkum}, P.~G.},
    title = "{Cosmic-Ray Rejection by Laplacian Edge Detection}",
  journal = {\pasp},
   eprint = {astro-ph/0108003},
 keywords = {Instrumentation: Detectors, Methods: Data Analysis-techniques: image 
processing},
     year = 2001,
    month = nov,
   volume = 113,
    pages = {1420-1427},
      doi = {10.1086/323894},
   adsurl = {http://adsabs.harvard.edu/abs/2001PASP..113.1420V},
  adsnote = {Provided by the SAO/NASA Astrophysics Data System}
}

@ARTICLE{vonderlinden14_lensing,
   author = {{von der Linden}, A. and {Allen}, M.~T. and {Applegate}, D.~E. and 
    {Kelly}, P.~L. and {Allen}, S.~W. and {Ebeling}, H. and {Burchat}, P.~R. and 
    {Burke}, D.~L. and {Donovan}, D. and {Morris}, R.~G. and {Blandford}, R. and 
    {Erben}, T. and {Mantz}, A.},
    title = "{Weighing the Giants - I. Weak-lensing masses for 51 massive galaxy 
clusters: project overview, data analysis methods and cluster images}",
  journal = {\mnras},
archivePrefix = "arXiv",
   eprint = {1208.0597},
 keywords = {gravitational lensing: weak, methods: data analysis, galaxies: 
clusters: general, galaxies: elliptical and lenticular, cD, cosmology: 
observations},
     year = 2014,
    month = mar,
   volume = 439,
    pages = {2-27},
      doi = {10.1093/mnras/stt1945},
   adsurl = {http://adsabs.harvard.edu/abs/2014MNRAS.439....2V},
  adsnote = {Provided by the SAO/NASA Astrophysics Data System}
}

@ARTICLE{vonderlinden14_planck,
   author = {{von der Linden}, A. and {Mantz}, A. and {Allen}, S.~W. and 
    {Applegate}, D.~E. and {Kelly}, P.~L. and {Morris}, R.~G. and 
    {Wright}, A. and {Allen}, M.~T. and {Burchat}, P.~R. and {Burke}, D.~L. and 
    {Donovan}, D. and {Ebeling}, H.},
    title = "{Robust weak-lensing mass calibration of Planck galaxy clusters}",
  journal = {\mnras},
archivePrefix = "arXiv",
   eprint = {1402.2670},
 keywords = {gravitational lensing: weak, galaxies: clusters: general, cosmology: 
observations},
     year = 2014,
    month = sep,
   volume = 443,
    pages = {1973-1978},
      doi = {10.1093/mnras/stu1423},
   adsurl = {http://adsabs.harvard.edu/abs/2014MNRAS.443.1973V},
  adsnote = {Provided by the SAO/NASA Astrophysics Data System}
}

