@ARTICLE{abell58,
   author = {{Abell}, G.~O.},
    title = "{The Distribution of Rich Clusters of Galaxies.}",
  journal = {\apjs},
     year = 1958,
    month = may,
   volume = 3,
    pages = {211},
      doi = {10.1086/190036},
   adsurl = {http://adsabs.harvard.edu/abs/1958ApJS....3..211A},
  adsnote = {Provided by the SAO/NASA Astrophysics Data System}
}

@ARTICLE{alpher48,
   author = {{Alpher}, R.~A. and {Bethe}, H. and {Gamow}, G.},
    title = "{The Origin of Chemical Elements}",
  journal = {Physical Review},
     year = 1948,
    month = apr,
   volume = 73,
    pages = {803-804},
      doi = {10.1103/PhysRev.73.803},
   adsurl = {http://adsabs.harvard.edu/abs/1948PhRv...73..803A},
  adsnote = {Provided by the SAO/NASA Astrophysics Data System}
}

@ARTICLE{andreon15,
   author = {{Andreon}, S.},
    title = "{Making the observational parsimonious richness a working mass proxy}",
  journal = {\aap},
archivePrefix = "arXiv",
   eprint = {1509.00589},
 keywords = {galaxies: clusters: general, cosmological parameters},
     year = 2015,
    month = oct,
   volume = 582,
      eid = {A100},
    pages = {A100},
      doi = {10.1051/0004-6361/201526081},
   adsurl = {http://adsabs.harvard.edu/abs/2015A%26A...582A.100A},
  adsnote = {Provided by the SAO/NASA Astrophysics Data System}
}

@ARTICLE{balogh16,
   author = {{Balogh}, M.~L. and {McGee}, S.~L. and {Mok}, A. and {Muzzin}, A. and 
    {van der Burg}, R.~F.~J. and {Bower}, R.~G. and {Finoguenov}, A. and 
    {Hoekstra}, H. and {Lidman}, C. and {Mulchaey}, J.~S. and {Noble}, A. and 
    {Parker}, L.~C. and {Tanaka}, M. and {Wilman}, D.~J. and {Webb}, T. and 
    {Wilson}, G. and {Yee}, H.~K.~C.},
    title = "{Evidence for a change in the dominant satellite galaxy quenching mechanism at 
z = 1}",
  journal = {\mnras},
archivePrefix = "arXiv",
   eprint = {1511.07344},
 keywords = {galaxies: clusters: general, galaxies: evolution},
     year = 2016,
    month = mar,
   volume = 456,
    pages = {4364-4376},
      doi = {10.1093/mnras/stv2949},
   adsurl = {http://adsabs.harvard.edu/abs/2016MNRAS.456.4364B},
  adsnote = {Provided by the SAO/NASA Astrophysics Data System}
}

@ARTICLE{battaglia12,
   author = {{Battaglia}, N. and {Bond}, J.~R. and {Pfrommer}, C. and {Sievers}, J.~L.
    },
    title = "{On the Cluster Physics of Sunyaev-Zel'dovich and X-Ray Surveys. I. The 
Influence of Feedback, Non-thermal Pressure, and Cluster Shapes on Y-M Scaling Relations}",
  journal = {\apj},
archivePrefix = "arXiv",
   eprint = {1109.3709},
 keywords = {cosmic background radiation, cosmology: theory, galaxies: clusters: general, 
large-scale structure of universe, methods: numerical},
     year = 2012,
    month = oct,
   volume = 758,
      eid = {74},
    pages = {74},
      doi = {10.1088/0004-637X/758/2/74},
   adsurl = {http://adsabs.harvard.edu/abs/2012ApJ...758...74B},
  adsnote = {Provided by the SAO/NASA Astrophysics Data System}
}

@ARTICLE{benson13,
   author = {{Benson}, B.~A. and {de Haan}, T. and {Dudley}, J.~P. and {Reichardt}, C.~L. and 
    {Aird}, K.~A. and {Andersson}, K. and {Armstrong}, R. and {Ashby}, M.~L.~N. and 
    {Bautz}, M. and {Bayliss}, M. and {Bazin}, G. and {Bleem}, L.~E. and 
    {Brodwin}, M. and {Carlstrom}, J.~E. and {Chang}, C.~L. and 
    {Cho}, H.~M. and {Clocchiatti}, A. and {Crawford}, T.~M. and 
    {Crites}, A.~T. and {Desai}, S. and {Dobbs}, M.~A. and {Foley}, R.~J. and 
    {Forman}, W.~R. and {George}, E.~M. and {Gladders}, M.~D. and 
    {Gonzalez}, A.~H. and {Halverson}, N.~W. and {Harrington}, N. and 
    {High}, F.~W. and {Holder}, G.~P. and {Holzapfel}, W.~L. and 
    {Hoover}, S. and {Hrubes}, J.~D. and {Jones}, C. and {Joy}, M. and 
    {Keisler}, R. and {Knox}, L. and {Lee}, A.~T. and {Leitch}, E.~M. and 
    {Liu}, J. and {Lueker}, M. and {Luong-Van}, D. and {Mantz}, A. and 
    {Marrone}, D.~P. and {McDonald}, M. and {McMahon}, J.~J. and 
    {Mehl}, J. and {Meyer}, S.~S. and {Mocanu}, L. and {Mohr}, J.~J. and 
    {Montroy}, T.~E. and {Murray}, S.~S. and {Natoli}, T. and {Padin}, S. and 
    {Plagge}, T. and {Pryke}, C. and {Rest}, A. and {Ruel}, J. and 
    {Ruhl}, J.~E. and {Saliwanchik}, B.~R. and {Saro}, A. and {Sayre}, J.~T. and 
    {Schaffer}, K.~K. and {Shaw}, L. and {Shirokoff}, E. and {Song}, J. and 
    {Spieler}, H.~G. and {Stalder}, B. and {Staniszewski}, Z. and 
    {Stark}, A.~A. and {Story}, K. and {Stubbs}, C.~W. and {Suhada}, R. and 
    {van Engelen}, A. and {Vanderlinde}, K. and {Vieira}, J.~D. and 
    {Vikhlinin}, A. and {Williamson}, R. and {Zahn}, O. and {Zenteno}, A.
    },
    title = "{Cosmological Constraints from Sunyaev-Zel'dovich-selected Clusters with X-Ray Observations in the First 178 deg$^{2}$ of the South Pole Telescope Survey}",
  journal = {\apj},
archivePrefix = "arXiv",
   eprint = {1112.5435},
 primaryClass = "astro-ph.CO",
 keywords = {cosmic background radiation, cosmology: observations, galaxies: clusters: general, large-scale structure of universe},
     year = 2013,
    month = feb,
   volume = 763,
      eid = {147},
    pages = {147},
      doi = {10.1088/0004-637X/763/2/147},
   adsurl = {http://adsabs.harvard.edu/abs/2013ApJ...763..147B},
  adsnote = {Provided by the SAO/NASA Astrophysics Data System}
}

@ARTICLE{bleem15,
   author = {{Bleem}, L.~E. and {Stalder}, B. and {de Haan}, T. and {Aird}, K.~A. and 
    {Allen}, S.~W. and {Applegate}, D.~E. and {Ashby}, M.~L.~N. and 
    {Bautz}, M. and {Bayliss}, M. and {Benson}, B.~A. and {Bocquet}, S. and 
    {Brodwin}, M. and {Carlstrom}, J.~E. and {Chang}, C.~L. and 
    {Chiu}, I. and {Cho}, H.~M. and {Clocchiatti}, A. and {Crawford}, T.~M. and 
    {Crites}, A.~T. and {Desai}, S. and {Dietrich}, J.~P. and {Dobbs}, M.~A. and 
    {Foley}, R.~J. and {Forman}, W.~R. and {George}, E.~M. and {Gladders}, M.~D. and 
    {Gonzalez}, A.~H. and {Halverson}, N.~W. and {Hennig}, C. and 
    {Hoekstra}, H. and {Holder}, G.~P. and {Holzapfel}, W.~L. and 
    {Hrubes}, J.~D. and {Jones}, C. and {Keisler}, R. and {Knox}, L. and 
    {Lee}, A.~T. and {Leitch}, E.~M. and {Liu}, J. and {Lueker}, M. and 
    {Luong-Van}, D. and {Mantz}, A. and {Marrone}, D.~P. and {McDonald}, M. and 
    {McMahon}, J.~J. and {Meyer}, S.~S. and {Mocanu}, L. and {Mohr}, J.~J. and 
    {Murray}, S.~S. and {Padin}, S. and {Pryke}, C. and {Reichardt}, C.~L. and 
    {Rest}, A. and {Ruel}, J. and {Ruhl}, J.~E. and {Saliwanchik}, B.~R. and 
    {Saro}, A. and {Sayre}, J.~T. and {Schaffer}, K.~K. and {Schrabback}, T. and 
    {Shirokoff}, E. and {Song}, J. and {Spieler}, H.~G. and {Stanford}, S.~A. and 
    {Staniszewski}, Z. and {Stark}, A.~A. and {Story}, K.~T. and 
    {Stubbs}, C.~W. and {Vanderlinde}, K. and {Vieira}, J.~D. and 
    {Vikhlinin}, A. and {Williamson}, R. and {Zahn}, O. and {Zenteno}, A.
    },
    title = "{Galaxy Clusters Discovered via the Sunyaev-Zel'dovich Effect in the 
2500-Square-Degree SPT-SZ Survey}",
  journal = {\apjs},
archivePrefix = "arXiv",
   eprint = {1409.0850},
 keywords = {cosmology: observations, galaxies: clusters: individual, large-scale structure 
of universe},
     year = 2015,
    month = feb,
   volume = 216,
      eid = {27},
    pages = {27},
      doi = {10.1088/0067-0049/216/2/27},
   adsurl = {http://adsabs.harvard.edu/abs/2015ApJS..216...27B},
  adsnote = {Provided by the SAO/NASA Astrophysics Data System}
}

@ARTICLE{blumenthal84,
   author = {{Blumenthal}, G.~R. and {Faber}, S.~M. and {Primack}, J.~R. and 
    {Rees}, M.~J.},
    title = "{Formation of galaxies and large-scale structure with cold dark 
matter}",
  journal = {\nat},
 keywords = {Dark Matter, Galactic Evolution, Galactic Structure, Matter 
(Physics), Universe, Astronomical Models, Baryons, Galactic Clusters, Globular 
Clusters},
     year = 1984,
    month = oct,
   volume = 311,
    pages = {517-525},
      doi = {10.1038/311517a0},
   adsurl = {http://adsabs.harvard.edu/abs/1984Natur.311..517B},
  adsnote = {Provided by the SAO/NASA Astrophysics Data System}
}

@ARTICLE{colless01,
   author = {{Colless}, M. and {Dalton}, G. and {Maddox}, S. and {Sutherland}, W. and 
    {Norberg}, P. and {Cole}, S. and {Bland-Hawthorn}, J. and {Bridges}, T. and 
    {Cannon}, R. and {Collins}, C. and {Couch}, W. and {Cross}, N. and 
    {Deeley}, K. and {De Propris}, R. and {Driver}, S.~P. and {Efstathiou}, G. and 
    {Ellis}, R.~S. and {Frenk}, C.~S. and {Glazebrook}, K. and {Jackson}, C. and 
    {Lahav}, O. and {Lewis}, I. and {Lumsden}, S. and {Madgwick}, D. and 
    {Peacock}, J.~A. and {Peterson}, B.~A. and {Price}, I. and {Seaborne}, M. and 
    {Taylor}, K.},
    title = "{The 2dF Galaxy Redshift Survey: spectra and redshifts}",
  journal = {\mnras},
   eprint = {astro-ph/0106498},
 keywords = {SURVEYS, GALAXIES: CLUSTERS: GENERAL, GALAXIES: DISTANCES AND REDSHIFTS, 
COSMOLOGY: OBSERVATIONS, LARGE-SCALE STRUCTURE OF UNIVERSE},
     year = 2001,
    month = dec,
   volume = 328,
    pages = {1039-1063},
      doi = {10.1046/j.1365-8711.2001.04902.x},
   adsurl = {http://adsabs.harvard.edu/abs/2001MNRAS.328.1039C},
  adsnote = {Provided by the SAO/NASA Astrophysics Data System}
}

@ARTICLE{dicke65,
   author = {{Dicke}, R.~H. and {Peebles}, P.~J.~E. and {Roll}, P.~G. and 
    {Wilkinson}, D.~T.},
    title = "{Cosmic Black-Body Radiation.}",
  journal = {\apj},
 keywords = {Big Bang},
     year = 1965,
    month = jul,
   volume = 142,
    pages = {414-419},
      doi = {10.1086/148306},
   adsurl = {http://adsabs.harvard.edu/abs/1965ApJ...142..414D},
  adsnote = {Provided by the SAO/NASA Astrophysics Data System}
}

@ARTICLE{dressler80,
   author = {{Dressler}, A.},
    title = "{Galaxy morphology in rich clusters - Implications for the formation and 
evolution of galaxies}",
  journal = {\apj},
 keywords = {Elliptical Galaxies, Galactic Clusters, Galactic Evolution, Galactic Structure, 
Spiral Galaxies, Astronomical Maps, Density Distribution, Interstellar Gas, Telescopes, 
Universe, X Ray Astronomy},
     year = 1980,
    month = mar,
   volume = 236,
    pages = {351-365},
      doi = {10.1086/157753},
   adsurl = {http://adsabs.harvard.edu/abs/1980ApJ...236..351D},
  adsnote = {Provided by the SAO/NASA Astrophysics Data System}
}

@ARTICLE{einasto13,
   author = {{Einasto}, J.},
    title = "{Dark Matter}",
  journal = {Brazilian Journal of Physics},
archivePrefix = "arXiv",
   eprint = {1308.2534},
 primaryClass = "astro-ph.CO",
 keywords = {Dark matter, Large-scale structure of the universe, CMB radiation},
     year = 2013,
    month = dec,
   volume = 43,
    pages = {369-374},
      doi = {10.1007/s13538-013-0147-9},
   adsurl = {http://adsabs.harvard.edu/abs/2013BrJPh..43..369E},
  adsnote = {Provided by the SAO/NASA Astrophysics Data System}
}

@ARTICLE{frenk12,
   author = {{Frenk}, C.~S. and {White}, S.~D.~M.},
    title = "{Dark matter and cosmic structure}",
  journal = {Annalen der Physik},
archivePrefix = "arXiv",
   eprint = {1210.0544},
 primaryClass = "astro-ph.CO",
     year = 2012,
    month = oct,
   volume = 524,
    pages = {507-534},
      doi = {10.1002/andp.201200212},
   adsurl = {http://adsabs.harvard.edu/abs/2012AnP...524..507F},
  adsnote = {Provided by the SAO/NASA Astrophysics Data System}
}

@ARTICLE{gladders00,
   author = {{Gladders}, M.~D. and {Yee}, H.~K.~C.},
    title = "{A New Method For Galaxy Cluster Detection. I. The Algorithm}",
  journal = {\aj},
   eprint = {astro-ph/0004092},
 keywords = {Galaxies: Clusters: General, Methods: Data Analysis},
     year = 2000,
    month = oct,
   volume = 120,
    pages = {2148-2162},
      doi = {10.1086/301557},
   adsurl = {http://adsabs.harvard.edu/abs/2000AJ....120.2148G},
  adsnote = {Provided by the SAO/NASA Astrophysics Data System}
}

@ARTICLE{gunn72,
   author = {{Gunn}, J.~E. and {Gott}, III, J.~R.},
    title = "{On the Infall of Matter Into Clusters of Galaxies and Some Effects 
on Their Evolution}",
  journal = {\apj},
     year = 1972,
    month = aug,
   volume = 176,
    pages = {1},
      doi = {10.1086/151605},
   adsurl = {http://adsabs.harvard.edu/abs/1972ApJ...176....1G},
  adsnote = {Provided by the SAO/NASA Astrophysics Data System}
}

@ARTICLE{guth81,
   author = {{Guth}, A.~H.},
    title = "{Inflationary universe: A possible solution to the horizon and flatness 
problems}",
  journal = {\prd},
     year = 1981,
    month = jan,
   volume = 23,
    pages = {347-356},
      doi = {10.1103/PhysRevD.23.347},
   adsurl = {http://adsabs.harvard.edu/abs/1981PhRvD..23..347G},
  adsnote = {Provided by the SAO/NASA Astrophysics Data System}
}

@ARTICLE{haines13,
   author = {{Haines}, C.~P. and {Pereira}, M.~J. and {Smith}, G.~P. and 
    {Egami}, E. and {Sanderson}, A.~J.~R. and {Babul}, A. and {Finoguenov}, A. and 
    {Merluzzi}, P. and {Busarello}, G. and {Rawle}, T.~D. and {Okabe}, N.
    },
    title = "{LoCuSS: The Steady Decline and Slow Quenching of Star Formation in Cluster 
Galaxies over the Last Four Billion Years}",
  journal = {\apj},
archivePrefix = "arXiv",
   eprint = {1307.1135},
 keywords = {galaxies: clusters: general, galaxies: evolution, galaxies: spiral},
     year = 2013,
    month = oct,
   volume = 775,
      eid = {126},
    pages = {126},
      doi = {10.1088/0004-637X/775/2/126},
   adsurl = {http://adsabs.harvard.edu/abs/2013ApJ...775..126H},
  adsnote = {Provided by the SAO/NASA Astrophysics Data System}
}

@ARTICLE{haines15,
   author = {{Haines}, C.~P. and {Pereira}, M.~J. and {Smith}, G.~P. and 
    {Egami}, E. and {Babul}, A. and {Finoguenov}, A. and {Ziparo}, F. and 
    {McGee}, S.~L. and {Rawle}, T.~D. and {Okabe}, N. and {Moran}, S.~M.
    },
    title = "{LoCuSS: The Slow Quenching of Star Formation in Cluster Galaxies and the Need 
for Pre-processing}",
  journal = {\apj},
archivePrefix = "arXiv",
   eprint = {1504.05604},
 keywords = {galaxies: active, galaxies: clusters: general, galaxies: evolution, galaxies: 
stellar content},
     year = 2015,
    month = jun,
   volume = 806,
      eid = {101},
    pages = {101},
      doi = {10.1088/0004-637X/806/1/101},
   adsurl = {http://adsabs.harvard.edu/abs/2015ApJ...806..101H},
  adsnote = {Provided by the SAO/NASA Astrophysics Data System}
}

@ARTICLE{hasselfield13,
   author = {{Hasselfield}, M. and {Hilton}, M. and {Marriage}, T.~A. and 
    {Addison}, G.~E. and {Barrientos}, L.~F. and {Battaglia}, N. and 
    {Battistelli}, E.~S. and {Bond}, J.~R. and {Crichton}, D. and 
    {Das}, S. and {Devlin}, M.~J. and {Dicker}, S.~R. and {Dunkley}, J. and 
    {D{\"u}nner}, R. and {Fowler}, J.~W. and {Gralla}, M.~B. and 
    {Hajian}, A. and {Halpern}, M. and {Hincks}, A.~D. and {Hlozek}, R. and 
    {Hughes}, J.~P. and {Infante}, L. and {Irwin}, K.~D. and {Kosowsky}, A. and 
    {Marsden}, D. and {Menanteau}, F. and {Moodley}, K. and {Niemack}, M.~D. and 
    {Nolta}, M.~R. and {Page}, L.~A. and {Partridge}, B. and {Reese}, E.~D. and 
    {Schmitt}, B.~L. and {Sehgal}, N. and {Sherwin}, B.~D. and {Sievers}, J. and 
    {Sif{\'o}n}, C. and {Spergel}, D.~N. and {Staggs}, S.~T. and 
    {Swetz}, D.~S. and {Switzer}, E.~R. and {Thornton}, R. and {Trac}, H. and 
    {Wollack}, E.~J.},
    title = "{The Atacama Cosmology Telescope: Sunyaev-Zel'dovich selected galaxy clusters 
at 148 GHz from three seasons of data}",
  journal = {\jcap},
archivePrefix = "arXiv",
   eprint = {1301.0816},
 primaryClass = "astro-ph.CO",
     year = 2013,
    month = jul,
   volume = 7,
      eid = {008},
    pages = {008},
      doi = {10.1088/1475-7516/2013/07/008},
   adsurl = {http://adsabs.harvard.edu/abs/2013JCAP...07..008H},
  adsnote = {Provided by the SAO/NASA Astrophysics Data System}
}

@ARTICLE{hirata04,
   author = {{Hirata}, C.~M. and {Seljak}, U.},
    title = "{Intrinsic alignment-lensing interference as a contaminant of cosmic shear}",
  journal = {\prd},
   eprint = {astro-ph/0406275},
 keywords = {Observational cosmology, Galactic halos, Gravitational lenses and luminous 
arcs},
     year = 2004,
    month = sep,
   volume = 70,
   number = 6,
      eid = {063526},
    pages = {063526},
      doi = {10.1103/PhysRevD.70.063526},
   adsurl = {http://adsabs.harvard.edu/abs/2004PhRvD..70f3526H},
  adsnote = {Provided by the SAO/NASA Astrophysics Data System}
}

@ARTICLE{hubble25,
   author = {{Hubble}, E.~P.},
    title = "{Cepheids in Spiral Nebulae}",
  journal = {Popular Astronomy},
     year = 1925,
   volume = 33,
   adsurl = {http://adsabs.harvard.edu/abs/1925PA.....33..252H},
  adsnote = {Provided by the SAO/NASA Astrophysics Data System}
}

@ARTICLE{hubble29,
   author = {{Hubble}, E.~P.},
    title = "{A Relation between Distance and Radial Velocity among Extra-Galactic Nebulae}",
  journal = {Proceedings of the National Academy of Science},
     year = 1929,
    month = mar,
   volume = 15,
    pages = {168-173},
      doi = {10.1073/pnas.15.3.168},
   adsurl = {http://adsabs.harvard.edu/abs/1929PNAS...15..168H},
  adsnote = {Provided by the SAO/NASA Astrophysics Data System}
}

@ARTICLE{kuhlen07,
   author = {{Kuhlen}, M. and {Diemand}, J. and {Madau}, P.},
    title = "{The Shapes, Orientation, and Alignment of Galactic Dark Matter 
Subhalos}",
  journal = {\apj},
archivePrefix = "arXiv",
   eprint = {0705.2037},
 keywords = {Cosmology: Theory, Cosmology: Dark Matter, Galaxies: Dwarf, Galaxies: 
Formation, Galaxies: Halos, Methods: Numerical},
     year = 2007,
    month = dec,
   volume = 671,
    pages = {1135-1146},
      doi = {10.1086/522878},
   adsurl = {http://adsabs.harvard.edu/abs/2007ApJ...671.1135K},
  adsnote = {Provided by the SAO/NASA Astrophysics Data System}
}

@ARTICLE{larson80,
   author = {{Larson}, R.~B. and {Tinsley}, B.~M. and {Caldwell}, C.~N.},
    title = "{The evolution of disk galaxies and the origin of S0 galaxies}",
  journal = {\apj},
 keywords = {Disk Galaxies, Galactic Evolution, Spiral Galaxies, Digital 
Simulation, Galactic Structure, Gas Evolution, Stellar Evolution, Stellar 
Magnitude},
     year = 1980,
    month = may,
   volume = 237,
    pages = {692-707},
      doi = {10.1086/157917},
   adsurl = {http://adsabs.harvard.edu/abs/1980ApJ...237..692L},
  adsnote = {Provided by the SAO/NASA Astrophysics Data System}
}

@ARTICLE{laureijs11,
   author = {{Laureijs}, R. and {Amiaux}, J. and {Arduini}, S. and {Augu{\`e}res}, J.~-. and 
    {Brinchmann}, J. and {Cole}, R. and {Cropper}, M. and {Dabin}, C. and 
    {Duvet}, L. and {Ealet}, A. and et al.},
    title = "{Euclid Definition Study Report}",
  journal = {ArXiv e-prints},
archivePrefix = "arXiv",
   eprint = {1110.3193},
 primaryClass = "astro-ph.CO",
 keywords = {Astrophysics - Cosmology and Extragalactic Astrophysics, Astrophysics - Galaxy 
Astrophysics},
     year = 2011,
    month = oct,
   adsurl = {http://adsabs.harvard.edu/abs/2011arXiv1110.3193L},
  adsnote = {Provided by the SAO/NASA Astrophysics Data System}
}

@ARTICLE{libeskind13,
   author = {{Libeskind}, N.~I. and {Di Cintio}, A. and {Knebe}, A. and {Yepes}, G. and 
    {Gottl{\"o}ber}, S. and {Steinmetz}, M. and {Hoffman}, Y. and 
    {Martinez-Vaquero}, L.~A.},
    title = "{Cold versus Warm Dark Matter Simulations of a Galaxy Group}",
  journal = {\pasa},
archivePrefix = "arXiv",
   eprint = {1305.5557},
 keywords = {dark matter, Local Group, methods: miscellaneous},
     year = 2013,
    month = jul,
   volume = 30,
      eid = {e039},
    pages = {e039},
      doi = {10.1017/pasa.2013.16},
   adsurl = {http://adsabs.harvard.edu/abs/2013PASA...30...39L},
  adsnote = {Provided by the SAO/NASA Astrophysics Data System}
}

@ARTICLE{mahdavi13,
   author = {{Mahdavi}, A. and {Hoekstra}, H. and {Babul}, A. and {Bildfell}, C. and 
    {Jeltema}, T. and {Henry}, J.~P.},
    title = "{Joint Analysis of Cluster Observations. II. Chandra/XMM-Newton X-Ray and Weak 
Lensing Scaling Relations for a Sample of 50 Rich Clusters of Galaxies}",
  journal = {\apj},
archivePrefix = "arXiv",
   eprint = {1210.3689},
 keywords = {galaxies: clusters: general, galaxies: clusters: intracluster medium, 
gravitational lensing: weak, X-rays: galaxies: clusters},
     year = 2013,
    month = apr,
   volume = 767,
      eid = {116},
    pages = {116},
      doi = {10.1088/0004-637X/767/2/116},
   adsurl = {http://adsabs.harvard.edu/abs/2013ApJ...767..116M},
  adsnote = {Provided by the SAO/NASA Astrophysics Data System}
}

@ARTICLE{moore96,
   author = {{Moore}, B. and {Katz}, N. and {Lake}, G. and {Dressler}, A. and 
    {Oemler}, A.},
    title = "{Galaxy harassment and the evolution of clusters of galaxies}",
  journal = {\nat},
   eprint = {astro-ph/9510034},
     year = 1996,
    month = feb,
   volume = 379,
    pages = {613-616},
      doi = {10.1038/379613a0},
   adsurl = {http://adsabs.harvard.edu/abs/1996Natur.379..613M},
  adsnote = {Provided by the SAO/NASA Astrophysics Data System}
}

@ARTICLE{motl05,
   author = {{Motl}, P.~M. and {Hallman}, E.~J. and {Burns}, J.~O. and {Norman}, M.~L.
    },
    title = "{The Integrated Sunyaev-Zeldovich Effect as a Superior Method for Measuring the 
Mass of Clusters of Galaxies}",
  journal = {\apjl},
   eprint = {astro-ph/0502226},
 keywords = {Cosmology: Cosmic Microwave Background, Cosmology: Observations, Galaxies: 
Clusters: General, Hydrodynamics, Methods: Numerical},
     year = 2005,
    month = apr,
   volume = 623,
    pages = {L63-L66},
      doi = {10.1086/430144},
   adsurl = {http://adsabs.harvard.edu/abs/2005ApJ...623L..63M},
  adsnote = {Provided by the SAO/NASA Astrophysics Data System}
}

@ARTICLE{muzzin14,
   author = {{Muzzin}, A. and {van der Burg}, R.~F.~J. and {McGee}, S.~L. and 
    {Balogh}, M. and {Franx}, M. and {Hoekstra}, H. and {Hudson}, M.~J. and 
    {Noble}, A. and {Taranu}, D.~S. and {Webb}, T. and {Wilson}, G. and 
    {Yee}, H.~K.~C.},
    title = "{The Phase Space and Stellar Populations of Cluster Galaxies at z \~{} 1: 
Simultaneous Constraints on the Location and Timescale of Satellite Quenching}",
  journal = {\apj},
archivePrefix = "arXiv",
   eprint = {1402.7077},
 keywords = {galaxies: clusters: general, galaxies: evolution, galaxies: formation, 
galaxies: high-redshift},
     year = 2014,
    month = nov,
   volume = 796,
      eid = {65},
    pages = {65},
      doi = {10.1088/0004-637X/796/1/65},
   adsurl = {http://adsabs.harvard.edu/abs/2014ApJ...796...65M},
  adsnote = {Provided by the SAO/NASA Astrophysics Data System}
}

@ARTICLE{nulsen82,
   author = {{Nulsen}, P.~E.~J.},
    title = "{Transport processes and the stripping of cluster galaxies}",
  journal = {\mnras},
 keywords = {Cosmic Gases, Galactic Clusters, Gas Transport, Gas Viscosity, High 
Temperature Gases, Thermal Conductivity, Turbulence Effects, Elliptical Galaxies, 
Galactic Evolution, Intergalactic Media, Interstellar Gas, Ion Motion, Laminar 
Flow, Mean Free Path, Stripping (Distillation)},
     year = 1982,
    month = mar,
   volume = 198,
    pages = {1007-1016},
      doi = {10.1093/mnras/198.4.1007},
   adsurl = {http://adsabs.harvard.edu/abs/1982MNRAS.198.1007N},
  adsnote = {Provided by the SAO/NASA Astrophysics Data System}
}

@ARTICLE{penzias65,
   author = {{Penzias}, A.~A. and {Wilson}, R.~W.},
    title = "{A Measurement of Excess Antenna Temperature at 4080 Mc/s.}",
  journal = {\apj},
 keywords = {Microwave Background, Cosmic Background Radiation},
     year = 1965,
    month = jul,
   volume = 142,
    pages = {419-421},
      doi = {10.1086/148307},
   adsurl = {http://adsabs.harvard.edu/abs/1965ApJ...142..419P},
  adsnote = {Provided by the SAO/NASA Astrophysics Data System}
}

@ARTICLE{pereira10,
   author = {{Pereira}, M.~J. and {Bryan}, G.~L.},
    title = "{Tidal Torquing of Elliptical Galaxies in Cluster Environments}",
  journal = {\apj},
archivePrefix = "arXiv",
   eprint = {1009.4191},
 primaryClass = "astro-ph.CO",
 keywords = {galaxies: clusters: general, galaxies: evolution, galaxies: kinematics and 
dynamics, methods: numerical},
     year = 2010,
    month = oct,
   volume = 721,
    pages = {939-955},
      doi = {10.1088/0004-637X/721/2/939},
   adsurl = {http://adsabs.harvard.edu/abs/2010ApJ...721..939P},
  adsnote = {Provided by the SAO/NASA Astrophysics Data System}
}

@ARTICLE{perlmutter99,
   author = {{Perlmutter}, S. and {Aldering}, G. and {Goldhaber}, G. and 
    {Knop}, R.~A. and {Nugent}, P. and {Castro}, P.~G. and {Deustua}, S. and 
    {Fabbro}, S. and {Goobar}, A. and {Groom}, D.~E. and {Hook}, I.~M. and 
    {Kim}, A.~G. and {Kim}, M.~Y. and {Lee}, J.~C. and {Nunes}, N.~J. and 
    {Pain}, R. and {Pennypacker}, C.~R. and {Quimby}, R. and {Lidman}, C. and 
    {Ellis}, R.~S. and {Irwin}, M. and {McMahon}, R.~G. and {Ruiz-Lapuente}, P. and 
    {Walton}, N. and {Schaefer}, B. and {Boyle}, B.~J. and {Filippenko}, A.~V. and 
    {Matheson}, T. and {Fruchter}, A.~S. and {Panagia}, N. and {Newberg}, H.~J.~M. and 
    {Couch}, W.~J. and {Project}, T.~S.~C.},
    title = "{Measurements of {$\Omega$} and {$\Lambda$} from 42 High-Redshift Supernovae}",
  journal = {\apj},
   eprint = {astro-ph/9812133},
 keywords = {COSMOLOGY: OBSERVATIONS, COSMOLOGY: DISTANCE SCALE, STARS: SUPERNOVAE: GENERAL, Cosmology: Observations, Cosmology: Distance Scale, Stars: Supernovae: General},
     year = 1999,
    month = jun,
   volume = 517,
    pages = {565-586},
      doi = {10.1086/307221},
   adsurl = {http://adsabs.harvard.edu/abs/1999ApJ...517..565P},
  adsnote = {Provided by the SAO/NASA Astrophysics Data System}
}

@ARTICLE{planck15xiii,
   author = {{Planck Collaboration}},
    title = "{Planck 2015 results. XIII. Cosmological parameters}",
  journal = {ArXiv e-prints},
archivePrefix = "arXiv",
   eprint = {1502.01589},
 keywords = {Astrophysics - Cosmology and Nongalactic Astrophysics},
     year = 2015,
    month = feb,
   adsurl = {http://adsabs.harvard.edu/abs/2015arXiv150201589P},
  adsnote = {Provided by the SAO/NASA Astrophysics Data System}
}

@ARTICLE{planck15xxiv,
   author = {{Planck Collaboration}},
    title = "{Planck 2015 results. XXIV. Cosmology from Sunyaev-Zeldovich cluster counts}",
  journal = {ArXiv e-prints},
archivePrefix = "arXiv",
   eprint = {1502.01597},
 keywords = {Astrophysics - Cosmology and Nongalactic Astrophysics},
     year = 2015,
    month = feb,
   adsurl = {http://adsabs.harvard.edu/abs/2015arXiv150201597P},
  adsnote = {Provided by the SAO/NASA Astrophysics Data System}
}

@ARTICLE{planck15xxvii,
   author = {{Planck Collaboration}},
    title = "{Planck 2015 results. XXVII. The Second Planck Catalogue of Sunyaev-Zeldovich 
Sources}",
  journal = {ArXiv e-prints},
archivePrefix = "arXiv",
   eprint = {1502.01598},
 keywords = {Astrophysics - Cosmology and Nongalactic Astrophysics},
     year = 2015,
    month = feb,
   adsurl = {http://adsabs.harvard.edu/abs/2015arXiv150201598P},
  adsnote = {Provided by the SAO/NASA Astrophysics Data System}
}

@ARTICLE{riess98,
   author = {{Riess}, A.~G. and {Filippenko}, A.~V. and {Challis}, P. and 
    {Clocchiatti}, A. and {Diercks}, A. and {Garnavich}, P.~M. and 
    {Gilliland}, R.~L. and {Hogan}, C.~J. and {Jha}, S. and {Kirshner}, R.~P. and 
    {Leibundgut}, B. and {Phillips}, M.~M. and {Reiss}, D. and {Schmidt}, B.~P. and 
    {Schommer}, R.~A. and {Smith}, R.~C. and {Spyromilio}, J. and 
    {Stubbs}, C. and {Suntzeff}, N.~B. and {Tonry}, J.},
    title = "{Observational Evidence from Supernovae for an Accelerating Universe and a Cosmological Constant}",
  journal = {\aj},
   eprint = {astro-ph/9805201},
 keywords = {COSMOLOGY: OBSERVATIONS, STARS: SUPERNOVAE: GENERAL},
     year = 1998,
    month = sep,
   volume = 116,
    pages = {1009-1038},
      doi = {10.1086/300499},
   adsurl = {http://adsabs.harvard.edu/abs/1998AJ....116.1009R},
  adsnote = {Provided by the SAO/NASA Astrophysics Data System}
}

@ARTICLE{rubin80,
   author = {{Rubin}, V.~C. and {Ford}, W.~K.~J. and {.~Thonnard}, N.},
    title = "{Rotational properties of 21 SC galaxies with a large range of 
luminosities and radii, from NGC 4605 /R = 4kpc/ to UGC 2885 /R = 122 kpc/}",
  journal = {\apj},
 keywords = {Astronomical Spectroscopy, Galactic Evolution, Galactic Rotation, 
Galaxies, Stellar Luminosity, Dynamic Characteristics, Galactic Nuclei, 
Morphology, Radial Velocity, Radii},
     year = 1980,
    month = jun,
   volume = 238,
    pages = {471-487},
      doi = {10.1086/158003},
   adsurl = {http://adsabs.harvard.edu/abs/1980ApJ...238..471R},
  adsnote = {Provided by the SAO/NASA Astrophysics Data System}
}

@ARTICLE{rykoff12,
   author = {{Rykoff}, E.~S. and {Koester}, B.~P. and {Rozo}, E. and {Annis}, J. and 
    {Evrard}, A.~E. and {Hansen}, S.~M. and {Hao}, J. and {Johnston}, D.~E. and 
    {McKay}, T.~A. and {Wechsler}, R.~H.},
    title = "{Robust Optical Richness Estimation with Reduced Scatter}",
  journal = {\apj},
archivePrefix = "arXiv",
   eprint = {1104.2089},
 keywords = {galaxies: clusters: general, methods: data analysis, X-rays: galaxies: 
clusters},
     year = 2012,
    month = feb,
   volume = 746,
      eid = {178},
    pages = {178},
      doi = {10.1088/0004-637X/746/2/178},
   adsurl = {http://adsabs.harvard.edu/abs/2012ApJ...746..178R},
  adsnote = {Provided by the SAO/NASA Astrophysics Data System}
}

@ARTICLE{sarazin86,
   author = {{Sarazin}, C.~L.},
    title = "{X-ray emission from clusters of galaxies}",
  journal = {Reviews of Modern Physics},
     year = 1986,
    month = jan,
   volume = 58,
    pages = {1-115},
      doi = {10.1103/RevModPhys.58.1},
   adsurl = {http://adsabs.harvard.edu/abs/1986RvMP...58....1S},
  adsnote = {Provided by the SAO/NASA Astrophysics Data System}
}

@ARTICLE{shapley21,
   author = {{Shapley}, H. and {Curtis}, H.~D.},
    title = "{The Scale of the Universe}",
  journal = {Bulletin of the National Research Council, Vol.~2, Part 3, No.~11, p.~171-217},
 keywords = {cosmology, great debate},
     year = 1921,
    month = may,
   volume = 2,
    pages = {171-217},
   adsurl = {http://adsabs.harvard.edu/abs/1921BuNRC...2..171S},
  adsnote = {Provided by the SAO/NASA Astrophysics Data System}
}

@ARTICLE{sifon13,
   author = {{Sif{\'o}n}, C. and {Menanteau}, F. and {Hasselfield}, M. and 
    {Marriage}, T.~A. and {Hughes}, J.~P. and {Barrientos}, L.~F. and 
    {Gonz{\'a}lez}, J. and {Infante}, L. and {Addison}, G.~E. and 
    {Baker}, A.~J. and {Battaglia}, N. and {Bond}, J.~R. and {Crichton}, D. and 
    {Das}, S. and {Devlin}, M.~J. and {Dunkley}, J. and {D{\"u}nner}, R. and 
    {Gralla}, M.~B. and {Hajian}, A. and {Hilton}, M. and {Hincks}, A.~D. and 
    {Kosowsky}, A.~B. and {Marsden}, D. and {Moodley}, K. and {Niemack}, M.~D. and 
    {Nolta}, M.~R. and {Page}, L.~A. and {Partridge}, B. and {Reese}, E.~D. and 
    {Sehgal}, N. and {Sievers}, J. and {Spergel}, D.~N. and {Staggs}, S.~T. and 
    {Thornton}, R.~J. and {Trac}, H. and {Wollack}, E.~J.},
    title = "{The Atacama Cosmology Telescope: Dynamical Masses and Scaling Relations for a 
Sample of Massive Sunyaev-Zel'dovich Effect Selected Galaxy Clusters}",
  journal = {\apj},
archivePrefix = "arXiv",
   eprint = {1201.0991},
 keywords = {cosmic background radiation, cosmology: observations, galaxies: clusters: 
general, galaxies: distances and redshifts },
     year = 2013,
    month = jul,
   volume = 772,
      eid = {25},
    pages = {25},
      doi = {10.1088/0004-637X/772/1/25},
   adsurl = {http://adsabs.harvard.edu/abs/2013ApJ...772...25S},
  adsnote = {Provided by the SAO/NASA Astrophysics Data System}
}

@ARTICLE{sunyaev72,
   author = {{Sunyaev}, R.~A. and {Zel'dovich}, Y.~B.},
    title = "{The Observations of Relic Radiation as a Test of the Nature of X-Ray Radiation 
from the Clusters of Galaxies}",
  journal = {Comments on Astrophysics and Space Physics},
 keywords = {Cosmology, Microwave Background Radiation, Clusters of Galaxies, X-Ray 
Astronomy, Intergalactic Gas},
     year = 1972,
    month = nov,
   volume = 4,
    pages = {173},
   adsurl = {http://adsabs.harvard.edu/abs/1972CoASP...4..173S},
  adsnote = {Provided by the SAO/NASA Astrophysics Data System}
}

@ARTICLE{trimble87,
   author = {{Trimble}, V.},
    title = "{Existence and nature of dark matter in the universe}",
  journal = {\araa},
 keywords = {Dark Matter, Galactic Structure, Universe, Barred Galaxies, Elliptical Galaxies, Galactic Rotation, Gravitational Lenses, Milky Way Galaxy, Spiral Galaxies},
     year = 1987,
   volume = 25,
    pages = {425-472},
      doi = {10.1146/annurev.aa.25.090187.002233},
   adsurl = {http://adsabs.harvard.edu/abs/1987ARA%26A..25..425T},
  adsnote = {Provided by the SAO/NASA Astrophysics Data System}
}

@ARTICLE{trimble95,
   author = {{Trimble}, V.},
    title = "{The 1920 Shapley-Curtis Discussion: Background, Issues, and Aftermath}",
  journal = {\pasp},
 keywords = {HISTORY AND PHILOSOPHY OF ASTRONOMY},
     year = 1995,
    month = dec,
   volume = 107,
    pages = {1133},
      doi = {10.1086/133671},
   adsurl = {http://adsabs.harvard.edu/abs/1995PASP..107.1133T},
  adsnote = {Provided by the SAO/NASA Astrophysics Data System}
}

@ARTICLE{trimble12,
   author = {{Trimble}, V.},
    title = "{Eponyms, Hubble's Law, and the three princes of parallax}",
  journal = {The Observatory},
     year = 2012,
    month = feb,
   volume = 132,
    pages = {33-40},
   adsurl = {http://adsabs.harvard.edu/abs/2012Obs...132...33T},
  adsnote = {Provided by the SAO/NASA Astrophysics Data System}
}

@ARTICLE{trimble13,
   author = {{Trimble}, V.},
    title = "{Anybody but Hubble!}",
  journal = {ArXiv e-prints},
archivePrefix = "arXiv",
   eprint = {1307.2289},
 keywords = {Physics - History and Philosophy of Physics, Astrophysics - Cosmology and Extragalactic Astrophysics},
     year = 2013,
    month = jul,
   adsurl = {http://adsabs.harvard.edu/abs/2013arXiv1307.2289T},
  adsnote = {Provided by the SAO/NASA Astrophysics Data System}
}

@ARTICLE{vikhlinin09_cosmo,
   author = {{Vikhlinin}, A. and {Kravtsov}, A.~V. and {Burenin}, R.~A. and 
    {Ebeling}, H. and {Forman}, W.~R. and {Hornstrup}, A. and {Jones}, C. and 
    {Murray}, S.~S. and {Nagai}, D. and {Quintana}, H. and {Voevodkin}, A.
    },
    title = "{Chandra Cluster Cosmology Project III: Cosmological Parameter Constraints}",
  journal = {\apj},
archivePrefix = "arXiv",
   eprint = {0812.2720},
 keywords = {cosmological parameters, cosmology: observations, galaxies: clusters: general, 
dark matter, surveys},
     year = 2009,
    month = feb,
   volume = 692,
    pages = {1060-1074},
      doi = {10.1088/0004-637X/692/2/1060},
   adsurl = {http://adsabs.harvard.edu/abs/2009ApJ...692.1060V},
  adsnote = {Provided by the SAO/NASA Astrophysics Data System}
}

@ARTICLE{zwicky33,
   author = {{Zwicky}, F.},
    title = "{Die Rotverschiebung von extragalaktischen Nebeln}",
  journal = {Helvetica Physica Acta},
     year = 1933,
   volume = 6,
    pages = {110-127},
   adsurl = {http://adsabs.harvard.edu/abs/1933AcHPh...6..110Z},
  adsnote = {Provided by the SAO/NASA Astrophysics Data System}
}

@ARTICLE{dejong15,
   author = {{de Jong}, J.~T.~A. and {Verdoes Kleijn}, G.~A. and {Boxhoorn}, D.~R. and 
    {Buddelmeijer}, H. and {Capaccioli}, M. and {Getman}, F. and 
    {Grado}, A. and {Helmich}, E. and {Huang}, Z. and {Irisarri}, N. and 
    {Kuijken}, K. and {La Barbera}, F. and {McFarland}, J.~P. and 
    {Napolitano}, N.~R. and {Radovich}, M. and {Sikkema}, G. and 
    {Valentijn}, E.~A. and {Begeman}, K.~G. and {Brescia}, M. and 
    {Cavuoti}, S. and {Choi}, A. and {Cordes}, O.-M. and {Covone}, G. and 
    {Dall'Ora}, M. and {Hildebrandt}, H. and {Longo}, G. and {Nakajima}, R. and 
    {Paolillo}, M. and {Puddu}, E. and {Rifatto}, A. and {Tortora}, C. and 
    {van Uitert}, E. and {Buddendiek}, A. and {Harnois-D{\'e}raps}, J. and 
    {Erben}, T. and {Eriksen}, M.~B. and {Heymans}, C. and {Hoekstra}, H. and 
    {Joachimi}, B. and {Kitching}, T.~D. and {Klaes}, D. and {Koopmans}, L.~V.~E. and 
    {K{\"o}hlinger}, F. and {Roy}, N. and {Sif{\'o}n}, C. and {Schneider}, P. and 
    {Sutherland}, W.~J. and {Viola}, M. and {Vriend}, W.-J.},
    title = "{The first and second data releases of the Kilo-Degree Survey}",
  journal = {\aap},
archivePrefix = "arXiv",
   eprint = {1507.00742},
 keywords = {methods: observational, surveys, galaxies: general, large-scale structure of 
Universe},
     year = 2015,
    month = oct,
   volume = 582,
      eid = {A62},
    pages = {A62},
      doi = {10.1051/0004-6361/201526601},
   adsurl = {http://adsabs.harvard.edu/abs/2015A%26A...582A..62D},
  adsnote = {Provided by the SAO/NASA Astrophysics Data System}
}

